2043 2958
611 242 672 270 AD
694 223 974 274 CoNfflmuM
995 227 1252 278 Romimum·
1270 265 1282 277 .
1501 238 1599 293 289

289 292 409 332 tribus
424 293 593 343 quolibet
609 295 737 332 mense
751 323 761 340 ‚
778 297 839 335 vel
853 309 956 335 anno
972 325 982 343 ,
995 300 1056 338 vel
1072 312 1138 349 per
1152 300 1313 338 modum
1328 301 1597 350 eleemosynae,

285 347 348 386 vel
373 346 410 382 in
428 345 509 384 vim
531 348 763 385 statutorum
779 351 1074 389 contribuuntur
1092 355 1107 396 )
1138 352 1270 397 subjici
1283 380 1296 398 ‚
1311 358 1349 392 ἃ
1362 355 1409 392 ad
1422 356 1523 398 illius
1537 358 1597 394 so-

285 398 475 435 lutionem
492 400 673 447 perpetuo
691 401 812 438 teneri
831 401 1074 441 decernimus
1092 430 1103 448 ‚
1123 405 1323 442 statuimus
1337 432 1348 450 ‚
1377 405 1412 444 ἃ
1430 408 1596 447 manda-

285 461 395 490 muss
463 450 674 488 eclarantes
699 451 745 488 ab
760 463 804 489 ea
828 463 1026 502 exemptos
1050 453 1122 493 effe
1137 454 1275 492 debere
1289 456 1496 506 Regulares
1529 472 1597 507 pro

284 502 332 538 iis
360 504 514 538 tantum
545 500 744 540 Benefiziis
763 530 774 548 ‚
801 503 862 540 vel
892 503 1077 543 fructibus
1096 533 1106 550 ‚
1135 517 1299 555 quorum
1328 510 1481 547 ratione
1510 509 1596 560 ipsis

290 553 513 601 Apostolica
538 553 655 591 Sedes
679 553 820 592 diserte
838 582 850 600 ,
874 567 917 592 ac
934 557 1102 605 expresse
1119 585 1131 602 ‚
1161 557 1199 594 ὃ(
1223 569 1269 595 ex
1284 560 1394 597 causa
1409 562 1498 599 vere
1512 589 1522 607 ‚
1552 573 1596 600 ac

291 605 440 654 proprie
469 605 627 643 onerosa
653 605 832 651 indulsit,
863 617 903 645 ut
928 609 976 646 ab
1003 620 1120 652 onere
1153 608 1274 648 Taxae
1298 623 1366 660 pro
1384 613 1599 655 Seminario

285 659 452 705 exempti
479 658 552 695 fint
569 687 577 696 .

393 710 512 747 Porro
539 709 724 755 ejusmodi
741 710 848 749 Taxa
868 713 972 756 juxta
1001 712 1174 752 locorum
1198 714 1426 762 qualitatem
1442 718 1598 768 respon-

285 759 374 797 dere
403 761 541 799 debeat
568 770 719 800 tummae
745 763 937 801 scutorum
953 765 1071 802 trium
1094 776 1163 813 pro
1187 766 1356 814 quolibet
1372 771 1594 808 centenario

288 824 546 860 proventuum
563 813 768 857 Beneficii,
780 815 817 852 δε
832 816 856 852 si
872 815 1071 853 necessitas
1089 827 1224 866 urgeat
1238 844 1249 862 ,
1266 828 1453 868 augeatur
1472 823 1594 860 etiam

284 862 398 912 usque
428 865 476 901 ad
505 865 695 901 summam
719 866 886 912 quinque
911 878 979 913 pro
993 867 1242 922 centenarios
1270 870 1369 906 itaut
1384 883 1595 921 numquam

284 915 413 953 minor
442 915 554 952 scutis
575 916 694 954 tribus
711 943 722 960 ‚
750 926 873 964 neque
899 918 1022 961 major
1046 918 1090 954 fit
1108 923 1224 955 lcutls
1238 920 1403 971 quinque
1419 936 1487 973 pro
1499 937 1595 974 quo-

280 967 376 1004 libet
404 975 630 1004 centenario
649 994 660 1011 ‚
687 969 724 1005 ot
740 978 842 1004 anno
855 981 870 1006 s
899 978 943 1004 ac
970 969 1008 1005 in
1025 968 1127 1006 illius
1144 969 1386 1011 confectione
1401 977 1532 1022 regula
1546 1003 1556 1021 ‚
1571 978 1594 1015 a

280 1017 516 1056 Tridentino
531 1019 713 1057 Concilio
735 1016 774 1055 in
797 1017 979 1068 praedicto
992 1023 1132 1067 cap.18.
1149 1020 1288 1059 sancita
1305 1050 1315 1068 ‚
1333 1019 1510 1065 accurate
1525 1054 1536 1072 ‚
1553 1028 1592 1066 Sc

284 1068 513 1107 adamussim
540 1069 763 1107 observetur
779 1098 788 1107 .
819 1070 954 1108 Donec
972 1080 1102 1108 autem
1129 1082 1227 1109 nova
1242 1075 1319 1111 liaec
1333 1076 1443 1115 Taxa
1458 1079 1593 1117 confe-

281 1123 342 1159 c‘ta
357 1149 368 1166 ‚
394 1120 430 1158 ἃ.
456 1122 475 1159 a
491 1121 809 1171 Congregatione
830 1123 851 1160 a
869 1121 991 1159 Nobis
1005 1122 1186 1170 deputata
1203 1150 1215 1168 ‚
1241 1133 1281 1162 ut
1298 1126 1395 1166 infra
1411 1129 1561 1169 dicetur
1580 1155 1591 1173 ‚

280 1174 493 1222 approbata
510 1173 621 1210 fuerit
637 1199 647 1218 ‚
663 1174 736 1210 alia
753 1173 861 1212 Taxa
876 1201 887 1217 ‚
904 1185 1018 1223 quam
1032 1174 1290 1214 Seminarium
1306 1188 1420 1218 antea
1440 1183 1591 1231 exigere

285 1225 537 1262 consueverat
555 1251 566 1269 ‚
581 1226 741 1261 omnino
762 1226 996 1273 persolvatur
1013 1254 1022 1262 .
1051 1224 1238 1265 Ceterum
1255 1240 1360 1268 novae
1378 1233 1490 1271 Taxae
1504 1245 1593 1272 exa-

285 1276 364 1313 <0110
389 1277 534 1324 semper
551 1277 821 1314 committatur
835 1277 998 1325 personae
1011 1276 1100 1320 fide,
1118 1278 1155 1314 ὃς
1170 1279 1419 1332 r'acultatibus
1432 1284 1591 1331 idoneae,

279 1328 327 1364 ab
349 1327 529 1376 Episcopo
547 1354 559 1371 ,
590 1326 626 1363 ὁ(
642 1327 892 1366 Cathedralis
904 1328 1076 1365 Ecclesiae
1093 1328 1275 1375 Capitulo
1300 1332 1514 1381 specialiter
1526 1349 1592 1386 ap-

277 1378 480 1428 probandae
494 1405 505 1422 ‚
533 1380 569 1417 St
584 1378 807 1427 deputandae
822 1406 834 1424 ‚
860 1380 911 1417 ita
928 1378 1081 1428 quidem
1109 1388 1149 1416 ut
1167 1380 1316 1429 quoties
1337 1384 1503 1426 Exaftor
1518 1390 1591 1426 hu·

277 1429 441 1475 jusmodi
466 1428 665 1480 negligens
680 1457 690 1474 ,
717 1431 924 1468 autminus
948 1431 1109 1468 idoneus
1125 1441 1295 1480 repertus
1310 1434 1426 1475 fuerit
1442 1465 1454 1483 ‚
1483 1437 1588 1479 illius

276 1483 429 1531 culpam
454 1479 558 1519 idem
588 1481 790 1530 Episcopus
804 1509 816 1527 ‚
843 1481 880 1518 ἃ
908 1482 1127 1531 Capitulum
1154 1493 1308 1531 portare
1325 1486 1492 1528 debeant
1507 1517 1518 1535 ‚
1547 1493 1586 1530 ὃς

274 1544 346 1582 pro
373 1545 448 1571 non
475 1533 615 1570 exactis
631 1559 643 1578 ,
669 1542 785 1581 atque
812 1531 1019 1583 deperditis
1035 1534 1252 1585 *respective
1281 1538 1328 1575 de
1353 1543 1504 1590 proprio
1529 1551 1587 1579 te-

273 1593 439 1623 neantur
460 1611 472 1630 ‚
498 1584 689 1633 liceatque
705 1585 921 1623 Seminario
945 1593 1173 1622 tamcontra
1188 1587 1413 1628 Exaftorem
1429 1618 1440 1636 ‚
1471 1595 1587 1641 quam

272 1645 405 1674 contra
422 1637 662 1686 Deputantes
676 1662 688 1681 ,
715 1648 926 1686 eorumque
942 1637 1107 1674 haeredes
1123 1663 1136 1681 ,
1155 1649 1395 1689 quocumque
1412 1650 1586 1693 tempore

271 1698 383 1737 agere
398 1687 542 1726 nedum
556 1699 625 1735 pro
642 1687 850 1737 deperditis
863 1716 874 1733 ,
891 1687 952 1726 sed
967 1686 1086 1726 etiam
1102 1700 1256 1735 pronon
1269 1693 1411 1732 exactis
1428 1694 1476 1732 ad
1496 1709 1588 1746 prae-

272 1738 387 1778 cisam
400 1739 516 1784 Taxae
527 1736 709 1776 faciendae
724 1750 904 1780 normam
922 1765 933 1782 ‚
949 1740 986 1777 ὃ(
1001 1739 1260 1786 quantitatem
1283 1770 1292 1781 .

381 1791 566 1829 Praeterea
583 1789 758 1837 Episcopi
778 1816 791 1834 ‚
804 1789 841 1828 &
857 1790 1034 1838 Capitula
1051 1790 1243 1838 portiones
1261 1820 1272 1837 ‚
1286 1794 1346 1832 seu
1363 1804 1500 1844 quotas
1516 1798 1584 1836 fibi

272 1840 520 1889 obtingentes
532 1868 544 1886 ,
565 1842 671 1885 juxta
701 1840 894 1888 praefatam
911 1842 1061 1880 Taxam
1086 1842 1257 1889 quolibet
1274 1857 1377 1884 anno
1393 1851 1547 1888 realiter
1565 1877 1577 1896 ‚

1623 779 1724 810 Ratio
1757 780 1853 814 Taxae

1623 821 1828 855 conficienda:
1839 846 1848 856 .

1619 1098 1762 1139 Antiqua
1777 1099 1902 1132 servan-

1620 1139 1673 1175 da,
1692 1141 1796 1173 donec
1812 1154 1899 1175 nova

1619 1181 1772 1222 probetur
1785 1206 1793 1216 .

1642 1363 1779 1397 Cuinam
1810 1378 1899 1400 com-

1619 1405 1778 1439 mittenda
1820 1420 1907 1441 exa--

1614 1445 1680 1478 estio
1695 1451 1708 1479 ἒ

1611 1813 1753 1848 Taxatas
1769 1819 1893 1858 portio-

1610 1866 1665 1887 nes
1698 1861 1782 1900 apud
1818 1872 1893 1892 exa·

267 1894 411 1932 &cum
437 1890 573 1930 effectu
589 1891 783 1940 deponere
808 1901 1011 1931 teneantur
1039 1904 1153 1941 penes
1169 1894 1397 1936 Exactorem
1413 1900 1578 1950 deputa·
1607 1897 1893 1943 &Oremfipiscopss

270 1954 352 1982 tum
370 1971 381 1989 ‚
404 1945 466 1993 qui
481 1955 542 1982 eas
558 1943 682 1982 solvat
697 1971 708 1989 ‚
736 1946 796 1982 seu
813 1954 947 1994 eroget
962 1944 1001 1983 in
1014 1946 1182 1992 sumptus
1196 1959 1263 1996 pro
1278 1949 1481 1989 Seminarii
1495 1966 1578 1992 ma-

1653 1943 1803 1981 Capitula
1816 1956 1894 1985 quo.

269 1997 499 2034 nutentione
523 1995 753 2034 necessarios
768 2023 779 2041 ,
808 1996 845 2035 &
864 2005 942 2035 tam
961 1998 1071 2042 hujus
1088 1997 1245 2046 depofiti
1266 2027 1276 2044 ‚
1304 2005 1417 2050 quam
1436 2005 1578 2043 succes·
1606 1989 1715 2016 tannis
1734 1987 1889 2026 deponat.

268 2048 353 2086 fivae
370 2048 569 2086 solutionis
584 2074 595 2092 ‚
621 2047 682 2085 seu
699 2048 942 2100 erogationis
959 2073 970 2091 ‚
994 2049 1179 2097 simulque
1195 2052 1397 2096 cujuslibet
1419 2057 1578 2097 alterius

269 2101 482 2139 exactionis
507 2111 583 2137 non
599 2099 706 2138 fastae
717 2127 728 2144 ‚
754 2101 791 2139 &
802 2112 875 2150 qua
889 2101 936 2139 de
950 2100 1059 2138 causa
1073 2125 1085 2144 ,
1111 2101 1389 2143 documentum
1416 2120 1480 2156 per
1494 2110 1575 2147 eos-

267 2150 358 2189 dem
377 2152 581 2200 Episcopos
598 2178 610 2196 ‚
636 2153 674 2190 Sc
696 2151 875 2200 Capitula
892 2153 939 2191 ad
954 2152 1154 2190 antediczae
1171 2155 1497 2206 Congregationis
1513 2162 1578 2199 Se-

268 2205 478 2242 cretarium
495 2203 701 2251 quotannis
717 2205 1000 2243 transmittatur
1012 2232 1021 2242 .

374 2255 491 2304 Qod
508 2257 532 2293 si
545 2257 583 2292 in
599 2256 721 2304 aliqua
735 2255 903 2295 Dioecefi
917 2284 928 2302 ‚
945 2256 1177 2305 computatis
1194 2258 1354 2309 propriis
1371 2262 1574 2302 Seminarii

267 2306 485 2346 redditibis
500 2334 511 2351 ἲ
526 2309 551 2345 fi
568 2309 627 2356 qui
644 2308 712 2345 fint
729 2335 739 2352 ‚
753 2320 899 2346 necnon
916 2308 1193 2348 Beneficiorum
1207 2322 1319 2350 antea
1333 2325 1420 2350 cum
1437 2315 1572 2354 effectu

266 2357 325 2398 illi
346 2358 544 2400 unitorum
558 2386 572 2406 ,
597 2370 641 2399 ac
657 2359 843 2400 fructibus
857 2374 989 2411 parvos
1001 2360 1351 2453 uanonventuum
1366 2365 1575 2416 suppresso-

1100 2426 1124 2451 o
1479 2429 1562 2457 rum
