2043 2958
155 1061 333 1094 Literarum
345 1064 404 1094 hu-

123 1104 268 1146 jusmodi
317 1114 408 1137 tran-

122 1147 258 1187 sumptis
308 1148 386 1180 fides

124 1190 305 1222 adhibenda
320 1202 408 1222 man-

123 1233 219 1263 datur
233 1255 242 1263 .

172 1794 273 1825 Poenae
296 1802 411 1826 contra

132 1837 215 1867 hanc
232 1835 410 1876 paginam

132 1887 328 1909 temerantes
341 1901 350 1911 .

440 222 537 279 156¹
903 217 1285 266 Apu-:Nom

439 286 622 326 Decretis
645 283 888 326 irritantibus
904 315 916 333 ‚
941 286 1063 327 etiam
1079 298 1188 327 motu
1205 287 1319 326 fimili
1335 315 1347 334 ‚
1373 287 1410 325 ὃ(
1424 288 1760 339 confistorialiter,

434 352 480 378 ac
498 339 590 378 alias
614 338 784 389 quomod
796 339 919 378 olibet
948 340 986 377 in
1002 349 1242 380 contrarium
1259 339 1527 388 praemissorum
1546 344 1728 382 ‹onceflis
1746 370 1760 389 ,

434 390 689 437 confirmatis,
708 388 747 428 8(
767 391 984 432 innovatiss
998 392 1150 441 Quibus
1164 391 1361 437 omnibus,
1375 393 1412 431 &L
1427 391 1599 443 fingulis,
1611 395 1760 435 etiamst

434 456 503 492 pro
529 442 734 482 sufficienti
754 443 910 481 illorum
940 444 1197 496 derogatione
1211 445 1259 484 de
1275 446 1352 483 illis
1366 472 1377 489 ,
1398 456 1612 495 eorumque
1640 456 1755 485 teno-

438 497 541 534 ribus
556 495 725 544 specialis
739 522 749 540 ,
772 493 959 544 specifica,
973 497 1158 546 expressa,
1172 496 1210 535 δέ
1227 496 1442 542 individua,
1455 509 1498 535 ac
1513 497 1559 535 de
1576 498 1693 536 verbo
1707 499 1756 538 ad

438 548 599 586 verbum
617 575 628 593 ‚
646 560 737 586 >non
753 556 884 586 autem
902 561 969 598 per
980 549 1164 587 clausulas
1182 549 1380 599 generales
1407 549 1513 587 idem
1533 551 1752 599 importan-

438 609 497 637 tes
515 625 526 643 ‚
541 600 693 638 mentio
707 627 719 645 ,
739 603 800 638 ieu
814 602 951 647 quaevis
964 600 1039 638 alia
1055 600 1241 649 expreffio
1252 601 1443 646 facienda,
1456 610 1520 639 aut
1534 602 1661 651 aliqua
1675 603 1752 641 alia

440 651 624 699 exquisita
651 651 776 689 forma
804 651 852 689 ad
869 654 942 689 hoc
958 652 1143 691 servanda
1157 652 1256 692 foret
1271 680 1283 697 ,
1302 653 1457 691 illorum
1474 652 1651 692 omnium
1671 682 1683 699 ‚
1713 655 1751 694 δᾶ

441 703 678 751 singulorum
693 711 845 741 tenores
860 730 871 748 ‚
891 705 1038 742 formas
1052 732 1064 751 ,
1079 705 1117 743 ὅ(
1130 705 1349 744 occasiones
1362 732 1373 750 ‚
1386 717 1429 743 ac
1444 706 1518 743 alia
1535 707 1654 744 etiam
1672 706 1753 756 spe-

441 757 541 792 ciali
563 754 799 805 expressione
827 755 942 805 digna
957 757 1198 805 praesentibus
1225 769 1293 807 pro
1311 758 1420 806 plene
1434 785 1446 803 ,
1472 757 1510 795 ὃς
1527 757 1754 796 sufficienter

440 806 621 856 expreflis
639 835 651 852 ,
665 808 811 846 insertis
825 834 836 852 ‚
854 820 897 845 ac
910 809 1071 846 servatis
1084 808 1291 858 respective
1307 809 1494 847 habentes
1508 836 1519 854 ‚
1547 813 1616 847 hac
1640 810 1756 850 vico

438 858 642 896 dumtaxat
660 885 671 903 ,
697 859 774 896 illis
790 860 884 897 alias
899 860 937 896 in
954 859 1018 896 suo
1033 860 1171 896 robore
1184 860 1437 909 permansuris
1453 886 1464 904 ‚
1488 860 1536 897 ad
1552 861 1758 909 praemisso·

439 922 526 965 rurn
543 909 721 948 effectum
736 909 1004 959 specialiten&
1022 911 1190 959 expresse
1205 911 1452 959 derogamus,
1464 922 1508 948 ac
1523 911 1757 964 derogatum

439 963 513 1000 esse
529 963 710 1000 volumus
725 990 736 1007 ‚
755 962 966 1010 ceterisque
982 962 1188 1000 contrariis
1211 963 1510 1010 quibuscumque
1525 990 1535 999 .

544 1013 599 1051 Ut
615 1021 749 1051 autem
768 1013 966 1062 praesentes
981 1013 1118 1050 Literae
1136 1013 1183 1049 ad
1198 1015 1376 1050 omnium
1392 1012 1576 1051 notitiam
1603 1014 1759 1054 facilius

436 1063 649 1104 deveniant
665 1092 677 1110 ‚
694 1066 732 1104 3<
749 1072 865 1102 nemo
879 1064 1038 1101 illarum
1055 1064 1321 1113 ignorantiam
1335 1063 1505 1113 allegare
1521 1065 1648 1103 valeat
1665 1093 1675 1110 ‚
1691 1078 1761 1104 vo-

435 1118 564 1156 lumus
584 1117 669 1155 illas
684 1143 695 1162 ,
719 1116 780 1155 seu
806 1128 938 1154 earum
965 1116 1141 1164 exempla
1155 1143 1168 1161 ,
1196 1115 1243 1153 ad
1262 1115 1396 1154 valvas
1414 1116 1587 1154 Ecclefiae
1603 1117 1763 1156 Latera-

435 1170 573 1214 nensis,
589 1170 628 1208 ὃς
646 1169 808 1207 Basilicae
826 1165 1014 1216 Principis
1032 1168 1326 1215 Apostolorum,
1344 1179 1494 1205 necnon
1512 1167 1761 1207 Cancellariae

435 1220 881 1271 Apostolicae,Cu1·iaeque
896 1220 1089 1268 generalis
1107 1219 1144 1257 in
1163 1219 1306 1257 Monte
1323 1218 1582 1263 Citatori0,ac
1600 1219 1640 1259 in
1661 1221 1762 1261 Acie

435 1273 578 1322 Campi
594 1273 716 1311 Florae
739 1272 786 1309 de
802 1273 924 1316 Urbe,
938 1280 978 1308 ut
993 1272 1112 1309 moris
1127 1271 1193 1315 est,
1211 1270 1329 1320 affigi,
1344 1271 1382 1309 ὃ(
1397 1271 1581 1319 publicari
1602 1286 1617 1311 ,-
1633 1273 1763 1321 ficque·

435 1325 662 1375 publicatas,
679 1326 716 1364 &
730 1323 864 1364 affixas
878 1335 1027 1369 omne3‚
1042 1324 1078 1363 δὲ
1095 1323 1277 1371 singulos,
1296 1335 1389 1371 quos
1403 1322 1476 1361 illae
1491 1333 1757 1370 concernunt,

437 1377 595 1426 perinde
609 1379 770 1421 arctare,
786 1376 822 1414 δε
839 1376 991 1414 afficere
1009 1402 1020 1420 ,
1032 1387 1075 1413 ac
1091 1376 1117 1413 fi
1134 1374 1336 1423 unicuique
1354 1387 1487 1414 eorum
1504 1375 1756 1420 nominatim,

435 1430 474 1466 ὀί
491 1426 936 1478 personaliterintimatae
956 1425 1418 1477 fuiffentzutqueipsarum
1438 1427 1674 1476 praesentium
1694 1426 1760 1466 Li-

436 1489 607 1518 terarum
624 1478 950 1528 transumptis,seu
967 1479 1290 1529 exemplis‚etiam
1307 1477 1627 1527 impr-effis,manu
1641 1480 1760 1518 alicu·

435 1533 492 1577 jus
514 1531 673 1571 Notarii
702 1530 845 1580 publici
862 1531 1077 1580 subscriptis
1093 1558 1104 1577 ‚
1129 1533 1167 1571 ὃ(
1183 1532 1308 1580 sigillo
1325 1530 1483 1575 alicujus
1505 1531 1675 1569 Personae
1690 1558 1702 1575 ‚
1720 1531 1760 1569 in

438 1583 699 1622 Ecciefiastica
714 1583 903 1632 dignitate
918 1582 1328 1628 constitutaemiunitis,
1341 1583 1476 1621 eadem
1496 1585 1649 1631 prorsus
1664 1581 1760 1621 fides

439 1643 522 1673 tam
545 1636 583 1673 in
595 1634 738 1681 iudicio
753 1662 764 1680 ,
791 1635 903 1684 quam
918 1644 1023 1673 extra
1036 1634 1132 1672 illud
1146 1635 1287 1682 ubique
1299 1634 1530 1671 adhibeatur
1545 1660 1555 1674 ‚
1571 1647 1650 1682 quae
1667 1632 1753 1682 ipfis

437 1687 680 1736 praesentibus
694 1686 937 1725 adhiberetur
951 1714 962 1731 ‚
977 1687 1002 1724 fi
1023 1685 1149 1723 forent
1167 1685 1340 1723 exhibitae
1356 1712 1367 1731 ,
1393 1686 1453 1722 vel
1469 1684 1619 1722 ostensae
1641 1712 1650 1721 .

544 1738 654 1777 Nulli
685 1751 778 1790 ergo
802 1740 966 1777 omnino
982 1737 1185 1776 hominum
1211 1735 1326 1774 liceat
1353 1736 1534 1786 paginam
1550 1739 1647 1774 hanc
1665 1735 1751 1774 No-

438 1793 599 1830 strarum
615 1790 843 1837 voluntatis,
860 1789 1132 1828 declarationis
1148 1816 1159 1833 ‚
1172 1787 1464 1826 reformationis
1482 1815 1492 1832 ‚
1510 1787 1749 1826 moderatio·

440 1844 498 1882 nis
515 1870 526 1888 ‚
542 1840 808 1886 concessionis,
823 1841 1100 1891 assignationis,
1119 1840 1310 1889 praecepri,
1327 1839 1544 1884 sanctionis,
1563 1838 1753 1885 mandati,

439 1897 475 1936 ὅ(
489 1894 752 1945 derogationis
765 1893 975 1942 infringere
988 1920 999 1938 ‚
1014 1893 1075 1930 vel
1089 1893 1123 1930 ei
1139 1892 1227 1930 ausu
1241 1890 1447 1929 temerario
1463 1892 1660 1930 contraire
1673 1918 1682 1928 .
1713 1891 1752 1929 Si

440 1948 522 1995 quis
541 1956 673 1985 autern
689 1948 761 1984 hoc
775 1955 968 1984 attentare
984 1941 1282 1992 praesumpserit,
1312 1943 1619 1992 indignationem
1633 1943 1759 1979 omni-

441 1999 610 2050 potentis
624 1998 763 2042 Dei‚ac
777 1995 1013 2041 BB.Petri‚&
1029 1996 1136 2034 Pauli
1154 1996 1426 2042 Apostolorum
1444 1996 1535 2039 ejus,
1552 1995 1587 2032 se
1603 1993 1755 2049 noverit

440 2050 677 2089 incursurum
692 2077 701 2086 .
719 2047 870 2087 Datum
886 2048 1014 2085 Romae
1030 2047 1129 2096 apud
1144 2046 1340 2084 S.Petrum
1356 2058 1459 2084 anno
1472 2046 1754 2085 lucarnationis

441 2103 658 2143 Dominicae
674 2100 880 2137 millesimo
900 2098 1237 2148 septingentesimo
1250 2098 1435 2148 vigesimo
1450 2099 1599 2147 quium,
1616 2104 1752 2145 quarto

442 2153 637 2192 Kalendas
653 2151 751 2197 Maji
765 2150 1016 2190 Pontificatus
1032 2149 1160 2189 Nostri
1176 2150 1298 2188 Anno
1314 2151 1445 2189 Primo
1460 2178 1469 2187 .

441 2222 493 2272 P.
512 2221 587 2271 Μ.
609 2220 755 2271 Card.
777 2218 1083 2268 Prodatarius
1105 2255 1115 2265 .
1222 2219 1274 2268 F.
1297 2217 1445 2267 Card.
1465 2216 1717 2266 Oliverius
1739 2252 1751 2263 .

652 2297 744 2338 Visa
761 2298 806 2336 de
820 2297 938 2336 Curia
950 2298 979 2336 I.
996 2296 1042 2336 C.
1058 2296 1294 2346 Archiepisc.
1310 2295 1526 2334 Amasenus
1546 2322 1556 2333 .

536 2360 630 2395 Loco
646 2362 676 2396 ἦ·
689 2356 818 2393 plumbi
836 2381 845 2391 .
1174 2356 1210 2389 1..
1224 2354 1438 2389 Martinettus
1450 2377 1458 2386 .

905 2409 1079 2458 Registrata
1090 2412 1121 2446 in
1133 2411 1303 2452 secretaria
1320 2409 1472 2444 meviam
1485 2431 1494 2443 .
