2043 2958
483 208 580 255 106
813 204 1464 255 C0N01211R0MAN1

471 278 636 326 minus
657 275 888 326 laudabili
907 312 924 335 ,
944 280 1092 345 quam
1110 275 1386 334 necessario,
1402 279 1454 324 in
1472 274 1566 325 suis
1587 273 1792 327 Dioecea

472 348 596 398 fibus
615 347 717 399 Dei
746 348 950 399 Ecclesla
970 352 1193 417 privetur
1210 384 1227 406 ,
1255 351 1390 398 omni
1407 366 1498 416 ope
1531 347 1618 397 illa
1638 367 1789 418 quan·-

471 423 625 470 tocius
643 456 658 481 ‚
677 420 845 469 eadem
864 436 915 469 ut
937 419 1093 469 saneta
1110 420 1403 471 Tridentina
1423 419 1652 486 Synodus
1669 439 1790 489 prae-

470 494 595 559 cipit
610 529 627 552 ‚
661 492 888 559 erigenda
905 507 1167 560 procurent
1184 512 1199 551 3
1232 493 1281 542 ὃς
1298 510 1388 562 pro
1407 491 1688 541 Seminariis
1708 491 1789 540 iis-

468 559 612 621 dem,
631 563 725 612 five
745 564 915 613 erestis
936 601 952 622 ,
972 564 1067 612 five
1088 565 1352 630 erigendis,
1372 563 1458 611 illa
1479 562 1567 631 ipfi
1585 565 1785 632 prorsus

469 649 776 700 exequantur
796 670 813 692 ,
840 653 947 701 quse
981 635 1081 684 Nos
1102 633 1351 704 Episcopis
1373 634 1571 701 fingulis
1590 670 1608 692 ,
1639 633 1688 682 ὃ(
1709 650 1788 681 eo-

468 704 694 752 rumdem
711 704 1096 754 Seminariorum
1108 705 1372 774 Deputatis
1387 708 1441 753 in
1458 704 1631 763 nostra,
1644 721 1791 771 quarn

466 793 622 842 nuper
658 774 901 825 edidimus
920 776 1284 828 Constitutione
1305 813 1320 835 ,
1345 775 1570 842 sequenti
1587 776 1794 843 Appen-

467 844 566 893 dici
585 845 885 913 adjungenda
905 882 921 904 ,
955 847 1154 914 plenius
1175 850 1492 914 praecipimus
1513 845 1792 897 observari.
1816 852 1989 922 μύων.

340 1061 383 1103 ⁸
468 1091 622 1141 Sacris
638 1089 883 1140 Ordinibus
902 1089 1123 1139 initiandi
1141 1125 1157 1146 ,
1177 1103 1260 1155 per
1278 1087 1513 1156 sbmefc're'
1527 1093 1576 1137 in
1595 1089 1630 1138 S
1634 1077 1801 1141 emina-

597 1167 682 1212 riis
699 1161 948 1228 respeffiv&
962 1196 978 1218 ,
996 1162 1088 1210 ‘vel
1106 1160 1651 1228 Episcopiispermaaeant
1668 1198 1681 1210 .

307 1275 329 1300 ὃ
636 1264 899 1317 Uronenfis
932 1263 1154 1328 Concilii
1176 1264 1266 1313 III.
1284 1272 1298 1290 ³
1318 1265 1684 1317 Constitutione
1713 1265 1796 1313 de-

233 1319 307 1397 52²2:
323 1321 401 1402 31}ss
651 1352 841 1391 cretum
869 1336 965 1394 est,
999 1353 1053 1386 ut
1080 1335 1350 1401 Presbyter
1370 1372 1385 1393 ,
1417 1334 1701 1403 priusquam
1738 1336 1797 1384 ad

467 1407 845 1470 Presbyteratus
863 1406 1276 1455 consecrationem
1297 1407 1513 1463 accedat,
1531 1410 1584 1455 in
1597 1404 1797 1473 Episco-

467 1482 551 1547 pio
568 1492 761 1526 maneat
781 1512 797 1535 ,
817 1476 955 1525 suum
973 1475 1188 1526 discendi
1207 1481 1363 1543 gratia
1381 1475 1623 1533 officium,
1641 1476 1795 1525 donec

467 1568 628 1599 mores
660 1552 840 1605 etiam,
870 1550 919 1597 ὃς
951 1547 1080 1596 aestus
1102 1552 1202 1610 ejus
1232 1547 1561 1596 animadverti
1590 1547 1798 1614 poffint3

469 1623 518 1671 &
538 1636 655 1670 tunc
674 1654 690 1676 ‚
707 1618 738 1666 si
756 1619 933 1684 dignus
954 1616 1101 1666 fuerit
1120 1652 1137 1674 ,
1167 1617 1225 1664 ad
1239 1617 1579 1665 Sacerdotium
1596 1635 1798 1683 promo-

469 1706 641 1740 veatur
662 1726 673 1737 .
715 1689 902 1738 Omnes
921 1691 1075 1755 igitur
1104 1686 1160 1735 ad
1177 1684 1329 1736 sacros
1351 1687 1566 1736 Ordines
1593 1705 1792 1754 promo-

469 1761 653 1811 vendos
671 1796 686 1818 ,
719 1777 806 1827 per
836 1757 919 1808 sex
947 1757 1115 1807 saltem
1146 1756 1328 1807 menses
1360 1761 1618 1806 continuos
1649 1773 1792 1808 ante.-

467 1832 829 1881 ordinationem
843 1865 859 1887 ,
880 1833 930 1877 in
952 1828 1231 1878 Seminariis
1254 1828 1521 1897 respeefive
1538 1863 1555 1885 ,
1572 1828 1652 1876 vel
1672 1829 1790 1895 Epi-

468 1903 645 1971 scopiis
665 1900 791 1970 apud
811 1898 1072 1968 Episcopos
1091 1936 1106 1958 ‚
1124 1904 1327 1950 omnino
1342 1936 1358 1959 ,
1377 1898 1508 1948 sacro
1528 1899 1621 1948 hoc
1641 1902 1790 1949 etiam

469 1973 770 2041 approbante
788 1970 1021 2021 Concilio
1039 2006 1054 2028 ,
1093 1975 1389 2021 commorari
1416 1970 1592 2020 debere
1623 1970 1791 2019 decer-

467 2049 664 2102 nimus3
702 2043 816 2091 alias
850 2059 979 2089 nunc
1014 2059 1103 2109 pro
1120 2056 1236 2092 tunc
1264 2042 1326 2091 ab
1345 2041 1621 2091 Ordinibus
1642 2039 1786 2089 susci-

469 2115 659 2183 piendis
696 2112 894 2175 rejefftos
940 2111 1027 2161 effe
1059 2111 1206 2163 sciant
1232 2134 1246 2174 3
1290 2132 1380 2162 nec
1418 2132 1534 2162 cum
1561 2116 1627 2162 eis
1645 2147 1661 2169 ,
1695 2110 1784 2159 nifi

470 2185 702 2254 prudenti
732 2183 1086 2251 Episcoporum
1124 2185 1329 2235 arbitrio
1366 2181 1743 2252 dispensandum
1768 2218 1781 2231 .

471 2256 655 2306 Eodem
687 2257 806 2305 vero
826 2269 1075 2323 tempore,
1112 2271 1165 2304 ut
1191 2258 1303 2305 inde
1323 2255 1532 2305 Ordines
1551 2253 1697 2320 digne
1714 2254 1790 2303 su-

475 2326 657 2395 scipere
676 2362 692 2387 ,
716 2329 765 2379 ὃς
784 2327 835 2375 in
851 2326 1172 2378 DeiEcclefia
1190 2325 1498 2379 laudabiliter
1517 2324 1790 2375 ministrare

1707 2415 1793 2445 va-
