2043 2958
564 221 610 274 T
633 243 645 270 1
669 243 696 270 T
717 243 744 271 υ
768 244 787 269 L
806 242 834 270 U
858 242 875 269 s
926 223 949 271 I
969 222 1007 271 I.
1386 245 1445 285 17

126 292 217 346 {int
235 293 552 345 Ecclesiarum
571 332 587 354 ,
620 297 669 345 ὃς
688 293 1041 362 Capitulorum
1058 295 1271 362 origines
1293 332 1308 354 ,
1335 293 1447 344 sun-

130 369 347 418 dationes
366 404 383 426 ,
417 366 619 435 infignia
639 404 655 426 ,
675 372 786 430 jura
807 402 823 423 ,
855 365 1229 414 consuetudines
1250 403 1266 425 ,
1286 368 1450 417 reddi-

125 455 201 489 tus
222 477 238 498 ,
258 459 404 489 onera
424 474 440 497 ,
471 440 520 489 ὃς
539 458 739 488 munera
754 474 770 496 ,
789 441 884 486 luis
902 437 990 486 sub
1013 438 1259 505 capitibus
1281 439 1448 488 distin-

126 512 217 561 &is
258 515 635 579 exprimantur,
672 509 903 577 nihilque
941 514 994 557 in
1032 514 1099 558 eis
1134 509 1190 558 fit
1211 547 1226 567 ,
1266 511 1398 578 quod
1427 533 1450 560 a

119 588 245 647 juris
279 582 589 651 dispositione
610 620 625 641 ‚
657 584 706 632 &
720 582 1185 650 Congregationum
1206 582 1415 632 decretis
1433 620 1450 641 ,

126 654 310 721 usuque
332 669 530 722 recepto
552 690 566 711 ‚
596 657 645 705 ὃς
667 653 936 722 approbato
955 653 1203 702 exorbitet
1224 689 1239 711 ,
1270 652 1349 701 sed
1365 655 1452 704 illa

127 725 340 794 appolite
375 726 675 781 statuantur,
713 744 820 794 quae
850 744 940 793 pro
957 729 1328 792 opportunitate
1349 761 1364 782 ,
1400 728 1451 776 ὃς

128 796 402 846 necestitate
439 811 720 863 temporum
740 832 757 853 ,
795 813 958 844 rerum
979 830 994 851 ,
1027 797 1076 843 ὃε
1096 795 1353 853 locorum,
1392 797 1451 845 ad

125 870 288 917 divini
308 867 472 915 cultus
491 881 813 934 augmentum
834 902 849 923 ,
887 864 1137 914 sancstioris
1177 864 1450 934 disciplinae

125 937 491 989 observantiam
512 975 528 997 ,
560 940 609 989 ὃς
629 937 936 987 ecclefiarum
955 938 1227 987 utilitatem
1244 937 1451 987 statuen-

126 1010 186 1059 da
212 1011 548 1073 judicaverint
579 1049 590 1059 .
631 1010 741 1060 Hoc
776 1014 979 1059 interim
1007 1010 1319 1067 Decretum,
1356 1015 1452 1059 una

127 1099 246 1130 cum
298 1081 593 1147 praecedenti
627 1114 643 1136 ,
682 1094 737 1127 ut
784 1093 1056 1127 ceterarum
1091 1078 1450 1130 Ecclefiarum„

129 1151 379 1217 Capitulis
426 1153 476 1198 ἅ-
507 1147 748 1213 Collegiis
788 1147 1127 1203 consulamus,
1166 1151 1226 1195 ad
1256 1149 1451 1199 Metro-

128 1222 368 1288 politanos
406 1235 576 1266 omnes
622 1232 759 1266 extra
803 1217 926 1266 hanc
971 1218 1231 1284 Synodum
1280 1235 1451 1270 exten-

126 1292 289 1339 dimus
311 1326 327 1347 ,
364 1294 451 1356 qui
485 1292 649 1357 primo
684 1293 737 1337 in
761 1307 930 1338 eorum
951 1289 1184 1340 Concilio
1220 1293 1449 1359 providas

122 1361 248 1430 ipsas
267 1398 282 1419 ,
311 1363 361 1411 ὃς
379 1359 523 1428 plane
558 1359 833 1410 necessarias
852 1361 1061 1430 praefatis
1081 1361 1219 1430 super
1239 1364 1452 1413 conden-

125 1434 200 1482 dis
222 1432 426 1482 Statutis
444 1431 708 1482 sanciiones
730 1432 982 1500 publicare
1016 1438 1334 1483 meminerint
1349 1473 1365 1494 ,
1400 1439 1450 1486 ὃς

126 1508 470 1554 executionem
507 1503 674 1553 sedulo
705 1523 998 1572 promovere
1024 1527 1040 1565 3
1079 1510 1235 1556 menti
1263 1512 1450 1558 etiam-2

127 1575 451 1643 obsequuturi
485 1575 565 1623 fel.
595 1594 688 1622 rec.
709 1576 985 1625 Clementis
1021 1577 1161 1645 Papae
1196 1577 1286 1627 XI.
1309 1615 1325 1636 ,
1364 1583 1451 1646 qui

123 1646 301 1695 ssmiles
320 1646 705 1696 Constitutiones
727 1650 880 1716 primi
899 1656 914 1673 ³
932 1683 949 1705 ,
977 1651 1028 1700 &
1053 1647 1250 1699 secundi
1269 1650 1283 1674 ²³
1302 1651 1452 1700 nostri

123 1717 346 1768 Concilii
364 1718 690 1777 provincialis
707 1719 1242 1778 Beneventani,nedum
1258 1741 1348 1790 pro
1369 1741 1452 1791 pa-

123 1802 260 1837 terna
282 1804 397 1837 tunc
417 1789 496 1838 sua
515 1789 822 1858 benignitate
842 1791 1081 1850 laudavit,
1102 1791 1182 1841 sed
1202 1797 1251 1845 ὃς
1265 1795 1324 1843 de
1344 1795 1453 1843 illa-

125 1878 240 1907 rum
271 1864 564 1908 executione
594 1867 856 1910 certiorem
884 1861 928 1908 se
964 1863 1162 1911 aNobis
1194 1865 1300 1913 fieri
1320 1866 1450 1914 velle

122 1929 445 1997 fignificavit3
486 1931 608 1979 datis
632 1931 689 1979 ad
710 1933 809 1981 Nos
828 1969 844 1989 ,
863 1932 981 1979 dum
1002 1933 1210 2000 praefatae
1230 1936 1449 1986 Ecclesiae

121 2000 526 2070 praesedebamus,
545 2000 724 2050 Literis
756 2007 807 2051 in
834 2002 987 2052 forma
1015 2003 1187 2056 Brevis
1221 2005 1308 2056 sub
1340 2008 1450 2057 die-2

125 2090 170 2136 5.
190 2070 388 2139 Aprilis
410 2091 556 2135 1715.
579 2109 595 2130 ,
630 2093 746 2142 quas
779 2075 835 2122 ad
863 2091 1153 2142 perpetuam
1182 2082 1305 2127 tanti
1324 2079 1450 2128 Pon-

125 2143 274 2192 tificis
298 2145 735 2194 commendandam
755 2150 1064 2205 memoriam,
1084 2152 1136 2197 in
1154 2148 1298 2213 hujus
1315 2150 1451 2201 Con-

127 2215 235 2265 cilii
254 2214 385 2266 calce
406 2215 646 2288 registrari
665 2217 893 2269 volumus
911 2255 928 2278 ‚
949 2220 998 2270 δε
1015 2222 1301 2271 mandamus
1319 2257 1331 2269 .

930 2431 979 2484 C
1350 2430 1455 2482 TI-

1588 1610 1608 1634 a

1478 1651 1579 1683 Anno
1597 1651 1698 1693 1693.

1479 1719 1700 1811 Armob16982
