2043 2958
160 1542 198 1570 In
219 1538 345 1578 proprio
359 1540 414 1568 Ar-

140 1582 248 1617 chivo,
262 1581 346 1612 adid
360 1581 415 1610 de-

139 1631 254 1663 putato
273 1646 282 1659 ‚
313 1623 415 1653 custo-

141 1664 259 1695 dIenda
268 1686 279 1695 .

175 1870 412 1910 Derogatlones

141 1912 175 1943 in
189 1914 310 1943 forma.

449 249 542 294 180
908 246 1282 294 Appssanx

443 316 760 366 cumquetitmo,
784 314 995 354 &nomine
1010 317 1204 366 praefeelos
1221 343 1233 361 ‚
1258 314 1450 364 utriusque
1462 314 1588 361 sexus,
1615 316 1751 355 bona.)

443 369 594 407 stabilia
612 396 622 413 ‚
647 370 731 413 jura
746 367 900 412 ‚census
913 395 924 412 ‚
941 368 1113 406 redditus
1126 395 1137 413 ‚
1162 368 1199 407 ’δε
1216 368 1436 417 ''proventus
1458 368 1749 415 quomodolibet

446 419 700 467 possidentes,
725 419 942 466 ceterasque
968 421 1143 468 personas
1166 417 1446 457 Ecclefiasticas
1462 444 1473 461 ‚
1497 419 1751 468 quascumque

445 470 695 521 Dignitates‚
723 470 970 519 personatuS,
1000 470 1354 510 administrationes
1370 496 1382 514 ‚
1412 469 1475 507 vel
1500 468 1655 512 officia,
1685 478 1750 508 aut

447 522 639 562 Beneficia
655 523 915 561 Ecclefiastica
931 549 942 567 ‚
965 535 1053 561 cum
1067 535 1158 563 cura
1172 549 1183 567 ‚
1212 523 1250 561 &
1264 522 1339 560 fine
1354 532 1444 559 cura
1460 547 1471 565 ,
1496 520 1676 559 secularia
1688 549 1700 567 ,
1712 522 1751 560 &

449 575 674 624 quorumvis
699 574 895 613 Ordinum
925 574 1126 624 Regularia
1139 602 1151 619 ,
1178 575 1218 611 in
1243 572 1433 620 quibusvis
1463 570 1640 610 Ecclefiis
1653 599 1664 616 ‚
1692 572 1753 612 seu

444 627 456 663 i
463 626 540 676 psas
556 626 798 664 Parochiales
814 654 826 671 ‚
849 634 915 664 aut
930 626 1028 665 alias
1045 626 1230 665 Ecclefias
1244 651 1256 670 ,
1279 624 1318 662 in
1331 623 1508 662 Titulum
1524 650 1535 668 ‚
1550 624 1613 662 vel
1633 623 1754 663 Com-

445 678 629 716 mendam
643 705 655 723 ,
683 686 748 715 aut
772 678 864 716 alias
890 675 1184 726 quomodolibet
1209 675 1432 713 obtinentes
1459 686 1468 712 ε
1498 674 1749 724 Praeceptores

445 742 594 779 quoque
610 729 779 768 minores
793 757 803 775 ‚
817 729 856 768 &
869 729 966 768 alios
984 757 996 775 ‚
1010 729 1073 780 qui
1089 725 1280 766 Beneficia
1294 737 1623 775 quarumcumque
1638 724 1752 765 Mili-

445 781 591 820 tiarum
607 781 790 820 obtinent
802 796 817 822 ,ς
845 781 1009 830 denique
1027 792 1089 831 per
1103 791 1237 818 omnes
1251 806 1263 823 ,
1275 778 1315 817 ὃς
1328 776 1584 827 quoscumque
1602 775 1750 816 Admi-

442 834 688 878 nistratores,
715 833 921 878 Rec‘tore8‚
948 832 1160 877 Custodes,
1185 829 1386 869 Officiales
1402 856 1414 874 ,
1439 826 1650 877 Operarios
1670 856 1680 873 ‚
1709 829 1749 868 &

441 897 683 933 quocumque
708 885 866 921 nomine
890 892 1126 931 nuncupatos
1149 880 1368 929 Superiores
1393 881 1747 928 quorumcumque)

442 935 702 986 Hospitalium
718 963 730 980 ,
759 934 1018 972 Sodalitatum
1036 962 1047 978 ‚
1073 930 1455 973 Confraternitatum
1470 957 1482 975 ,
1512 930 1749 968 Seminario-

442 1000 526 1025 rum
541 1015 552 1032 ‚
581 987 783 1025 Montium
810 986 963 1034 pietatis
977 1013 987 1030 ,
1016 983 1284 1034 Collegiorum
1299 1009 1312 1026 ‚
1340 981 1564 1019 Studiorum
1580 992 1747 1029 genera-

440 1039 536 1075 lium
551 1064 562 1081 ‚
583 1038 816 1075 fabricarum
834 1036 1088 1072 Ecclesiarum
1102 1061 1115 1079 ‚
1140 1035 1178 1071 &
1194 1032 1344 1080 piorum
1357 1057 1369 1075 ‚
1396 1032 1460 1069 vel
1483 1032 1750 1079 religiosorum

440 1090 618 1126 locorum
632 1115 643 1132 ,
657 1088 777 1125 etiam
795 1097 874 1135 quae
888 1095 952 1133 per
964 1085 1104 1124 Laicos
1115 1111 1126 1128 ,
1142 1082 1204 1121 seu
1216 1082 1404 1126 Clericos,
1417 1082 1668 1127 conjunstim,
1682 1084 1747 1121 vel

441 1138 596 1179 divifim
619 1139 728 1189 regi,
753 1146 819 1176 aut
840 1138 1047 1186 gubernari
1067 1136 1213 1179 solent,
1246 1145 1313 1183 per
1338 1132 1545 1171 modernos
1560 1132 1718 1182 quidem
1734 1161 1748 1180 ,

442 1192 543 1229 intra
566 1190 746 1230 eumdem
759 1201 903 1228 annum
918 1216 929 1234 ‚
954 1197 995 1227 ut
1012 1187 1206 1238 praefertur
1220 1213 1232 1230 ‚
1247 1197 1381 1223 eorum
1398 1186 1492 1224 vero
1506 1185 1748 1232 singulorum

443 1256 511 1291 pro
524 1252 698 1291 tempore
714 1240 935 1279 successores
954 1267 966 1284 ‚
992 1240 1113 1279 etiam
1129 1238 1230 1276 intra
1246 1247 1392 1274 annum
1410 1263 1421 1281 ‚
1445 1245 1486 1273 ut
1505 1235 1651 1273 dietum
1669 1238 1747 1282 est,

444 1293 667 1332 inventaria
690 1291 905 1339 hujusmodi
932 1292 1124 1329 bonorum
1142 1317 1154 1334 ‚
1181 1300 1223 1326 ac
1238 1287 1405 1325 aliorum
1421 1286 1721 1336 supradietorum
1734 1314 1747 1332 ,

444 1358 524 1394 quae
540 1357 673 1383 eorum
689 1357 786 1383 curae
798 1371 809 1389 ,
826 1347 885 1381 seu
898 1339 1221 1381 administrationi
1233 1337 1434 1377 commiffa
1450 1339 1532 1377 sunt
1548 1365 1559 1382 ‚
1574 1339 1749 1377 fimiliter

444 1397 624 1435 accurate
637 1424 648 1441 ‚
675 1397 714 1435 &
726 1395 932 1443 diligenter
947 1392 1112 1438 confici,
1140 1393 1178 1432 &
1196 1391 1245 1429 ad
1257 1389 1292 1428 se
1308 1390 1444 1428 deferri
1455 1404 1470 1431 ,ς
1497 1389 1632 1438 eosque
1646 1390 1694 1428 ad
1707 1388 1747 1428 id

443 1460 510 1498 per
524 1449 697 1485 censuras
708 1473 720 1492 ‚
734 1445 771 1483 ἃ
786 1456 919 1494 poenas
933 1442 1210 1482 Ecclefiasticas
1223 1469 1236 1487 ,
1254 1442 1403 1489 aliaque
1416 1448 1629 1490 opportuna
1638 1441 1746 1487 juris,

444 1499 484 1537 &
506 1499 598 1538 faeti
627 1496 799 1537 remedia
819 1496 886 1534 sibi
911 1494 1090 1535 benevisa
1107 1521 1119 1540 ‚
1145 1501 1310 1542 cogant,
1336 1492 1374 1531 &
1390 1492 1628 1540 compellant
1643 1520 1652 1530 .
1683 1493 1747 1532 Ac

443 1550 603 1589 demum
620 1546 847 1588 inventaria
869 1546 1002 1585 omnia
1021 1546 1192 1596 praedifia
1209 1571 1220 1589 ‚
1249 1552 1332 1582 tam
1349 1555 1370 1581 a
1383 1543 1419 1582 se
1432 1544 1518 1592 ipfis
1533 1571 1545 1589 ‚
1571 1545 1686 1593 quem
1700 1545 1748 1582 ab

444 1600 531 1641 aliis
546 1601 722 1640 confecia
735 1627 747 1645 ‚
771 1597 947 1637 fimiliter
960 1598 1084 1647 gratis
1099 1624 1111 1642 ‚
1134 1597 1172 1635 &
1193 1596 1270 1633 fine
1285 1596 1362 1633 ulla
1377 1622 1389 1640 ‚
1415 1596 1534 1634 etiam
1550 1596 1713 1634 minima
1729 1622 1743 1642 ,

444 1653 611 1701 impensa
628 1678 639 1696 ,
653 1659 717 1689 aut
731 1649 930 1688 exafflone
944 1675 955 1693 ,
978 1648 1017 1684 in
1033 1649 1118 1684 loco
1132 1657 1306 1696 congruo
1318 1672 1330 1690 ,
1344 1646 1392 1683 ad
1407 1646 1445 1683 id
1460 1646 1648 1693 deputato
1660 1674 1672 1691 ,
1701 1659 1747 1685 ac

447 1713 532 1743 tuto
549 1730 560 1749 ‚
583 1704 621 1743 δε
632 1704 730 1741 bene
745 1700 872 1738 clauso
888 1727 898 1743 ,
915 1708 1100 1746 reponant
1113 1726 1124 1743 ‚
1138 1706 1252 1745 atque
1266 1698 1448 1745 perpetuo
1461 1698 1672 1737 custodiant
1686 1724 1698 1742 ‚
1709 1699 1750 1737 &

448 1755 671 1794 conservent
685 1768 698 1794 ,-
723 1749 1035 1798 laudabilemque
1051 1753 1144 1788 hanc
1159 1747 1472 1786 consuetudinem
1485 1776 1496 1793 ‚
1514 1749 1579 1788 ubi
1591 1752 1669 1795 jam
1685 1749 1750 1786 vi-

448 1815 536 1857 get,
559 1805 830 1857 prosequantur
844 1829 855 1847 ‚
881 1802 945 1840 ubi
959 1802 1052 1839 vero
1069 1811 1143 1838 non
1159 1801 1210 1837 est
1228 1827 1238 1843 ‚
1259 1801 1548 1847 quamprimum
1575 1802 1751 1838 introdu—

448 1866 538 1896 cant
555 1884 567 1902 ‚
583 1859 655 1897 δίς.
684 1855 775 1894 Non
793 1852 1027 1891 obstantibus
1053 1849 1243 1901 praemiffis
1258 1877 1268 1894 ‚
1287 1851 1360 1889 &a
1378 1877 1388 1894 ‚
1418 1852 1626 1901 ceterisque
1652 1864 1749 1890 con—

447 1909 573 1949 trariis
588 1907 885 1958 quibuscumque
898 1933 909 1951 ‚
927 1915 1015 1942 cum
1026 1903 1201 1942 clausulis
1213 1901 1438 1951 opportunis
1454 1929 1466 1949 ,
1483 1904 1521 1943 &
1540 1904 1725 1945 consuetis
1738 1932 1749 1942 .

759 1992 890 2049 Fiat.
927 1991 1089 2048 Motu
1111 1992 1323 2064 proprio
1339 1970 1402 2045 F.

449 2105 497 2146 Et
519 2106 620 2157 quod
636 2134 647 2153 ‚
675 2103 749 2144 δίε.

554 2160 702 2198 Datum
720 2156 850 2196 Romae
875 2157 974 2210 apud
988 2158 1170 2199 Sanctum
1185 2157 1341 2198 Petrum
1354 2185 1366 2206 ,
1394 2158 1510 2200 tertio
1522 2158 1609 2206 Kal,
1627 2155 1726 2203 Maji
1738 2183 1752 2203 ,

451 2222 554 2249 anno
571 2208 733 2250 secundo
746 2215 887 2259 εἰη
899 2249 910 2257 ,

1643 2405 1691 2461 M
1704 2421 1772 2461 E„
