2043 2958
653 249 713 278 An
735 229 1018 280 CoNcimuM
1038 228 1298 283 ROMANUM
1317 268 1327 281 .
1551 255 1643 302 195

929 338 1045 380 XII.

537 428 1440 498 INSTRUCTIO

361 554 413 611 S.
430 550 605 610 CON
609 549 1115 610 GREGATION
1119 550 1188 610 IS
1220 551 1606 616 CONCILII

323 667 421 717 Pro
449 665 734 736 Episcopis,
761 664 1166 736 Archiepiscopis
1187 704 1203 726 ,
1230 668 1530 720 primatibus
1550 706 1567 729 ,
1598 673 1649 722 ac

396 739 695 788 Patriarchis
716 774 732 797 ,
768 736 910 805 super
938 737 1087 787 modo
1118 738 1410 790 conficiendi
1427 741 1649 792 Relatio-

393 828 477 857 nes
499 810 707 858 statuum
734 806 931 857 suarum
950 807 1300 870 Ecclefiarum,
1330 830 1447 879 quas
1469 846 1485 868 ,
1512 829 1650 860 occa‹

392 877 522 928 sione
546 878 852 928 Visitationis
885 878 1147 927 Sacrorum
1164 880 1427 931 Liminum
1444 917 1461 939 ,
1490 881 1649 933 eidem

396 950 552 999 Sacrae
572 949 968 1018 Congregationi
986 948 1227 1001 exhibere
1247 967 1475 1003 tenentur
1492 989 1503 1001 .

656 1079 733 1116 Cit.
760 1079 835 1116 Tit.
852 1077 968 1114 XIII.
993 1077 1083 1126 Cap.
1099 1080 1132 1116 I.
1155 1089 1240 1128 pag.
1255 1094 1321 1137 43.

445 1239 577 1277 statuit
591 1264 603 1283 ‚
631 1238 768 1288 quibus
784 1239 920 1288 finguli
935 1239 1137 1289 Episcopi,
1159 1244 1450 1295 Archiepiscopi
1466 1274 1477 1293 ‚
1503 1247 1653 1285 Prima-
1677 1252 1892 1295 ‘jurejurando
1909 1278 1917 1288 .

445 1298 502 1328 tes
515 1317 528 1335 ‚
556 1291 596 1330 δ’.
616 1290 849 1329 Patriarchae
880 1302 946 1338 per
974 1291 1110 1340 seipsos
1124 1321 1136 1338 ‚
1169 1296 1230 1332 vel
1259 1308 1325 1345 per
1350 1309 1486 1336 eorum
1502 1309 1652 1339 certum

326 1343 524 1382 Nuntium
555 1343 707 1382 vifitare
734 1350 918 1382 tenentur
938 1342 1092 1381 Limina
1108 1345 1423 1389 Beatiffimorum
1439 1352 1652 1402 Apostolo-

332 1407 416 1434 rum
434 1396 536 1434 Petri
552 1423 562 1441 ‚
578 1394 616 1432 δέ
629 1395 764 1440 Pauli,
779 1393 1047 1444 antiquiffimae
1061 1397 1311 1438 observantiae
1325 1401 1564 1449 inhaerendo‚
1581 1418 1651 1444 ne-

325 1447 419 1486 dum
434 1447 573 1491 voluit,
591 1455 631 1484 ut
646 1449 749 1485 ultra
769 1448 972 1486 Sacrorum
987 1447 1188 1488 Liminum
1205 1450 1466 1493 vifitationem
1482 1483 1492 1499 ,
1508 1456 1653 1496 Roma-

327 1511 379 1539 no
405 1511 473 1550 pro
502 1508 678 1549 tempore
694 1497 874 1537 Pontifici
901 1499 948 1537 de
965 1506 1052 1537 toto
1072 1513 1205 1540 eorum
1219 1502 1585 1555 PastoraIiOfficm,
1613 1511 1652 1547 ὃς

328 1552 376 1590 de
404 1552 516 1590 rebus
539 1552 722 1590 omnibus
743 1552 790 1590 ad
805 1551 972 1601 ipsarum
990 1579 1000 1596 ‚
1015 1553 1153 1601 quibus
1166 1557 1352 1605 praesunt,
1370 1559 1651 1601 Ecclefiartinr„

325 1605 481 1648 statum,
498 1603 547 1642 ad
568 1603 674 1644 Cleri
692 1632 703 1649 ‚
717 1605 756 1644 δε
773 1603 908 1652 Populi
924 1603 1163 1653 disciplinam
1178 1633 1190 1651 ,
1219 1609 1441 1649 animarum
1458 1612 1625 1664 denique
1639 1643 1651 1659 ,

323 1669 404 1705 quae
421 1657 581 1694 illorum
596 1655 686 1693 fidei
699 1656 852 1694 creditae
867 1655 951 1693 sunt
964 1682 976 1700 ‚
993 1656 1156 1695 salutem
1171 1660 1308 1706 quovis
1322 1663 1441 1701 modo
1454 1667 1652 1714 pertinen<

325 1707 429 1747 tibus
448 1706 643 1747 rationem
666 1706 873 1746 redderent
886 1735 898 1754 ‚
921 1707 979 1747 uti
1001 1709 1117 1748 fufius
1130 1711 1294 1751 habetur
1314 1714 1352 1752 in
1366 1717 1532 1764 praedifti
1548 1719 1651 1757 Pon-

326 1759 441 1799 §ficis
465 1759 750 1809 Constitutione,
777 1772 856 1808 quae
886 1760 1023 1809 incipit
1052 1763 1231 1799 Romanus
1257 1767 1453 1814 Pontifex,
1488 1769 1551 1807 sed
1577 1769 1648 1810 im,

328 1813 406 1850 alia
439 1814 557 1851 etiam
593 1814 852 1860 Constitutione
878 1839 890 1857 ,
924 1824 1003 1860 quae
1030 1810 1167 1862 incipit
1199 1817 1370 1866 lmmenfiz
1397 1824 1524 1858 aeterni
1550 1824 1646 1869 Dei,

330 1866 451 1903 Sacrae
475 1864 781 1914 Congrcgationi
798 1890 809 1908 ‚
835 1865 1036 1913 praepofitae
1059 1865 1376 1916 Interpretationi
1409 1872 1646 1914 Sacrosautsti

329 1916 500 1956 Concilii
519 1915 758 1962 Tridentini,
771 1927 903 1954 curam
919 1916 1412 1970 demandavit‚praedietam
1430 1925 1621 1965 rationem
1636 1956 1647 1973 ,

327 1982 407 2019 quse
425 1969 567 2007 dicitur
578 1969 843 2019 Relatiostatus
855 1970 1023 2019 Ecclestae,
1037 1973 1312 2021 perpendendi,
1329 1978 1366 2014 ὃς
1381 1978 1647 2026 examinandi,

325 2034 369 2060 ac
385 2022 599 2072 postulatis,
617 2021 655 2059 in
668 2022 1094 2078 eadem-proponendis,
1109 2024 1383 2074 respondendi.

434 2074 589 2113 Sixtinae
614 2077 668 2112 hae
683 2074 992 2114 constitutiones
1008 2076 1072 2115 suo
1088 2089 1163 2114 non
1180 2088 1386 2118 caruerunt
1402 2080 1537 2121 effec‘tu
1557 2092 1642 2123 tum

327 2127 453 2176 quoad
475 2128 680 2165 Sacrorum
695 2126 894 2165 Limiirum
923 2128 1187 2168 vifitationem
1201 2158 1213 2177 ,
1229 2139 1313 2169 tum
1328 2134 1453 2182 quoad
1472 2135 1645 2175 Relatio-

326 2192 414 2218 nem
432 2181 593 2218 statuum
616 2180 869 2218 Ecclefiarum
887 2195 901 2221 ,-
922 2181 984 2219 scd
998 2194 1085 2220 cum
1103 2183 1207 2221 nulla
1226 2196 1392 2234 unquam
1408 2187 1512 2226 edita
1526 2188 1645 2227 fuerit

326 2233 524 2270 instructio
552 2244 620 2282 pro
637 2230 750 2271 dietis
767 2232 1031 2273 Relationibus
1043 2236 1243 2275 exarandis
1258 2263 1271 2282 ,
1300 2237 1444 2277 fastum
1462 2240 1550 2278 hinc
1567 2241 1618 2278 est
1631 2267 1644 2285 ‚

324 2293 365 2323 ut
388 2286 522 2335 aliquae
548 2298 591 2323 ex
609 2285 663 2323 eis
680 2285 885 2334 aliquando
910 2285 1057 2326 fuerint
1074 2287 1250 2328 exhibitae
1267 2290 1504 2331 abundantes
1528 2290 1569 2330 in
1585 2291 1646 2329 su-

326 2337 491 2386 perfluis,
505 2339 542 2378 δε
555 2338 687 2388 aliquae
703 2337 916 2387 aliquando
930 2338 1157 2379 deficientes
1171 2341 1211 2381 in
1224 2341 1459 2382 necessariis:
1476 2347 1640 2393 cumque

324 2389 370 2428 ad
386 2393 462 2429 haec
479 2390 694 2431 avertenda
717 2391 757 2431 in
773 2391 934 2442 Synodo
948 2392 1151 2488 Romaim?
1166 2396 1239 2434 hoc
1254 2407 1357 2435 anno
1372 2409 1384 2433 1
1397 2407 1482 2444 725·
1505 2395 1636 2485 εὶέξᾳὲ,

1169 2461 1188 2485 2
1567 2459 1576 2485 1
1611 2459 1643 2486 1-

329 1191 415 1326 S
430 1186 469 1226 U
485 1198 515 1224 M
529 1199 558 1224 M
574 1200 599 1226 u
614 1198 631 1226 s
659 1184 838 1225 Pontifex
862 1186 987 1226 Sixtus
1012 1186 1112 1238 Papa
1128 1189 1302 1239 Qintus
1317 1219 1330 1238 ‚
1353 1194 1416 1243 qui
1445 1199 1653 1242 tempora-³
1679 1210 1756 1241 Ad·
1776 1211 1840 1244 Tft.
1870 1216 1917 1245 De
