<?xml version="1.0" encoding="UTF-8"?>
<!DOCTYPE html PUBLIC "-//W3C//DTD XHTML 1.0 Transitional//EN"
    "http://www.w3.org/TR/xhtml1/DTD/xhtml1-transitional.dtd">
<html xmlns="http://www.w3.org/1999/xhtml" xml:lang="en" lang="en">
 <head>
  <title>
</title>
<meta http-equiv="Content-Type" content="text/html;charset=utf-8" />
  <meta name='ocr-system' content='tesseract 3.04.00' />
  <meta name='ocr-capabilities' content='ocr_page ocr_carea ocr_par ocr_line ocrx_word'/>
</head>
<body>
  <div class='ocr_page' id='page_1' title='image "./conciliumromanum00cath_0075.png"; bbox 0 0 2043 2958; ppageno 0'>
   <div class='ocr_carea' id='block_1_1' title="bbox 215 207 1809 1834">
    <p class='ocr_par' dir='ltr' id='par_1_1' title="bbox 215 207 1809 1834">
     <span class='ocr_line' id='line_1_1' title="bbox 638 207 1544 273; baseline -0.004 -14"><span class='ocrx_word' id='word_1_1' title='bbox 638 207 684 259; x_wconf 88' lang='lat' dir='ltr'>T</span> <span class='ocrx_word' id='word_1_2' title='bbox 709 226 722 254; x_wconf 92' lang='lat'>1</span> <span class='ocrx_word' id='word_1_3' title='bbox 745 228 772 255; x_wconf 84' lang='lat' dir='ltr'>T</span> <span class='ocrx_word' id='word_1_4' title='bbox 792 227 819 256; x_wconf 84' lang='grc' dir='ltr'>υ</span> <span class='ocrx_word' id='word_1_5' title='bbox 841 229 859 255; x_wconf 89' lang='lat'>1.</span> <span class='ocrx_word' id='word_1_6' title='bbox 884 228 911 256; x_wconf 84' lang='grc' dir='ltr'>υ</span> <span class='ocrx_word' id='word_1_7' title='bbox 933 227 950 254; x_wconf 88' lang='lat' dir='ltr'>s</span> <span class='ocrx_word' id='word_1_8' title='bbox 1004 207 1054 257; x_wconf 91' lang='lat' dir='ltr'>X</span> <span class='ocrx_word' id='word_1_9' title='bbox 1076 207 1138 256; x_wconf 85' lang='lat' dir='ltr'>V.</span> <span class='ocrx_word' id='word_1_10' title='bbox 1477 228 1507 273; x_wconf 81' lang='lat'>4</span> <span class='ocrx_word' id='word_1_11' title='bbox 1511 231 1544 273; x_wconf 86' lang='lat'><em>9</em></span> 
     </span>
     <span class='ocr_line' id='line_1_2' title="bbox 222 277 1544 337; baseline 0 -7"><span class='ocrx_word' id='word_1_12' title='bbox 222 280 383 330; x_wconf 88' lang='lat' dir='ltr'>dimus</span> <span class='ocrx_word' id='word_1_13' title='bbox 401 315 415 337; x_wconf 90' lang='lat'>,</span> <span class='ocrx_word' id='word_1_14' title='bbox 440 280 490 330; x_wconf 73' lang='grc' dir='ltr'>ὅ(</span> <span class='ocrx_word' id='word_1_15' title='bbox 509 278 568 329; x_wconf 85' lang='lat' dir='ltr'>ab</span> <span class='ocrx_word' id='word_1_16' title='bbox 585 278 815 329; x_wconf 90' lang='lat' dir='ltr'>omnibus</span> <span class='ocrx_word' id='word_1_17' title='bbox 835 283 904 328; x_wconf 83' lang='lat' dir='ltr'>ita</span> <span class='ocrx_word' id='word_1_18' title='bbox 921 277 1026 327; x_wconf 87' lang='lat' dir='ltr'>fieri</span> <span class='ocrx_word' id='word_1_19' title='bbox 1046 278 1279 328; x_wconf 86' lang='lat' dir='ltr'>volumus</span> <span class='ocrx_word' id='word_1_20' title='bbox 1293 313 1309 337; x_wconf 85' lang='lat'><strong>,</strong></span> <span class='ocrx_word' id='word_1_21' title='bbox 1343 280 1392 329; x_wconf 70' lang='grc' dir='ltr'>ὃ(</span> <span class='ocrx_word' id='word_1_22' title='bbox 1407 297 1544 330; x_wconf 88' lang='lat' dir='ltr'>man-</span> 
     </span>
     <span class='ocr_line' id='line_1_3' title="bbox 224 350 1544 409; baseline 0.002 -10"><span class='ocrx_word' id='word_1_23' title='bbox 224 352 469 409; x_wconf 84' lang='lat' dir='ltr'>damus,ut</span> <span class='ocrx_word' id='word_1_24' title='bbox 485 355 536 398; x_wconf 92' lang='lat' dir='ltr'>in</span> <span class='ocrx_word' id='word_1_25' title='bbox 552 350 976 400; x_wconf 80' lang='lat' dir='ltr'>Sacramentorum</span> <span class='ocrx_word' id='word_1_26' title='bbox 989 350 1225 400; x_wconf 87' lang='lat' dir='ltr'>videlicet</span> <span class='ocrx_word' id='word_1_27' title='bbox 1242 350 1544 402; x_wconf 83' lang='lat' dir='ltr'>administra-</span> 
     </span>
     <span class='ocr_line' id='line_1_4' title="bbox 223 420 1542 482; baseline 0.001 -11"><span class='ocrx_word' id='word_1_28' title='bbox 223 427 356 471; x_wconf 87' lang='lat' dir='ltr'>tione</span> <span class='ocrx_word' id='word_1_29' title='bbox 373 459 390 480; x_wconf 94' lang='lat'>,</span> <span class='ocrx_word' id='word_1_30' title='bbox 418 426 470 470; x_wconf 90' lang='lat' dir='ltr'>in</span> <span class='ocrx_word' id='word_1_31' title='bbox 487 420 654 471; x_wconf 87' lang='lat' dir='ltr'>Missis</span> <span class='ocrx_word' id='word_1_32' title='bbox 673 459 688 480; x_wconf 90' lang='lat'><strong>,</strong></span> <span class='ocrx_word' id='word_1_33' title='bbox 717 424 768 471; x_wconf 85' lang='lat'>&amp;</span> <span class='ocrx_word' id='word_1_34' title='bbox 788 422 971 471; x_wconf 84' lang='lat' dir='ltr'>divinis</span> <span class='ocrx_word' id='word_1_35' title='bbox 991 420 1186 471; x_wconf 85' lang='lat' dir='ltr'>Officiis</span> <span class='ocrx_word' id='word_1_36' title='bbox 1204 420 1506 472; x_wconf 77' lang='lat' dir='ltr'>celebrandis</span> <span class='ocrx_word' id='word_1_37' title='bbox 1526 460 1542 482; x_wconf 88' lang='lat'>,</span> 
     </span>
     <span class='ocr_line' id='line_1_5' title="bbox 219 492 1547 560; baseline 0.002 -18"><span class='ocrx_word' id='word_1_38' title='bbox 219 493 424 560; x_wconf 84' lang='lat' dir='ltr'>aliisque</span> <span class='ocrx_word' id='word_1_39' title='bbox 444 492 767 542; x_wconf 83' lang='lat' dir='ltr'>ecclefiasticis</span> <span class='ocrx_word' id='word_1_40' title='bbox 787 492 1122 542; x_wconf 56' lang='lat' dir='ltr'>functionibus</span> <span class='ocrx_word' id='word_1_41' title='bbox 1145 492 1382 542; x_wconf 87' lang='lat' dir='ltr'>obeundis</span> <span class='ocrx_word' id='word_1_42' title='bbox 1397 530 1414 552; x_wconf 89' lang='lat'>,</span> <span class='ocrx_word' id='word_1_43' title='bbox 1448 514 1547 544; x_wconf 88' lang='lat' dir='ltr'>non</span> 
     </span>
     <span class='ocr_line' id='line_1_6' title="bbox 222 562 1546 634; baseline 0.002 -21"><span class='ocrx_word' id='word_1_44' title='bbox 222 584 312 634; x_wconf 88' lang='lat' dir='ltr'>pro</span> <span class='ocrx_word' id='word_1_45' title='bbox 329 564 475 614; x_wconf 89' lang='lat' dir='ltr'>libito</span> <span class='ocrx_word' id='word_1_46' title='bbox 492 567 686 615; x_wconf 82' lang='lat' dir='ltr'>inventi</span> <span class='ocrx_word' id='word_1_47' title='bbox 707 600 722 622; x_wconf 87' lang='lat'>‚</span> <span class='ocrx_word' id='word_1_48' title='bbox 746 565 795 615; x_wconf 70' lang='grc' dir='ltr'>ὅ(</span> <span class='ocrx_word' id='word_1_49' title='bbox 813 562 1217 614; x_wconf 78' lang='lat' dir='ltr'>irrationabiliter</span> <span class='ocrx_word' id='word_1_50' title='bbox 1237 565 1446 625; x_wconf 57' lang='lat' dir='ltr'>inducti,</span> <span class='ocrx_word' id='word_1_51' title='bbox 1467 565 1546 615; x_wconf 84' lang='lat' dir='ltr'>sed</span> 
     </span>
     <span class='ocr_line' id='line_1_7' title="bbox 221 635 1544 704; baseline 0.001 -19"><span class='ocrx_word' id='word_1_52' title='bbox 221 638 441 702; x_wconf 85' lang='lat' dir='ltr'>recepti,</span> <span class='ocrx_word' id='word_1_53' title='bbox 472 637 522 684; x_wconf 65' lang='grc' dir='ltr'>ὃς</span> <span class='ocrx_word' id='word_1_54' title='bbox 553 636 816 704; x_wconf 83' lang='lat' dir='ltr'>approbati</span> <span class='ocrx_word' id='word_1_55' title='bbox 832 636 1051 686; x_wconf 82' lang='lat' dir='ltr'>Ecclefiae</span> <span class='ocrx_word' id='word_1_56' title='bbox 1068 635 1343 686; x_wconf 77' lang='lat' dir='ltr'>Catholicae</span> <span class='ocrx_word' id='word_1_57' title='bbox 1361 636 1508 686; x_wconf 87' lang='lat' dir='ltr'>Ritus</span> <span class='ocrx_word' id='word_1_58' title='bbox 1527 674 1544 697; x_wconf 90' lang='lat'>,</span> 
     </span>
     <span class='ocr_line' id='line_1_8' title="bbox 219 706 1545 776; baseline 0.002 -23"><span class='ocrx_word' id='word_1_59' title='bbox 219 710 382 776; x_wconf 85' lang='lat' dir='ltr'>qui,in</span> <span class='ocrx_word' id='word_1_60' title='bbox 395 709 615 755; x_wconf 85' lang='lat' dir='ltr'>minimis</span> <span class='ocrx_word' id='word_1_61' title='bbox 636 710 809 765; x_wconf 86' lang='lat' dir='ltr'>etiam,</span> <span class='ocrx_word' id='word_1_62' title='bbox 821 706 916 757; x_wconf 86' lang='lat' dir='ltr'>fine</span> <span class='ocrx_word' id='word_1_63' title='bbox 934 722 1134 776; x_wconf 85' lang='lat' dir='ltr'>peccato</span> <span class='ocrx_word' id='word_1_64' title='bbox 1150 706 1545 774; x_wconf 82' lang='lat' dir='ltr'>negligi‚0mitti,</span> 
     </span>
     <span class='ocr_line' id='line_1_9' title="bbox 219 776 1546 846; baseline 0 -20"><span class='ocrx_word' id='word_1_65' title='bbox 219 777 303 826; x_wconf 86' lang='lat' dir='ltr'>vel</span> <span class='ocrx_word' id='word_1_66' title='bbox 324 780 505 825; x_wconf 85' lang='lat' dir='ltr'>mutari</span> <span class='ocrx_word' id='word_1_67' title='bbox 523 777 653 826; x_wconf 87' lang='lat' dir='ltr'>haud</span> <span class='ocrx_word' id='word_1_68' title='bbox 677 776 872 846; x_wconf 83' lang='lat' dir='ltr'>possunt</span> <span class='ocrx_word' id='word_1_69' title='bbox 891 813 908 835; x_wconf 91' lang='lat'>‚</span> <span class='ocrx_word' id='word_1_70' title='bbox 934 777 1172 846; x_wconf 82' lang='lat' dir='ltr'>peculiari</span> <span class='ocrx_word' id='word_1_71' title='bbox 1190 777 1344 824; x_wconf 87' lang='lat' dir='ltr'>studio</span> <span class='ocrx_word' id='word_1_72' title='bbox 1365 814 1382 835; x_wconf 90' lang='lat'><strong><em>,</em></strong></span> <span class='ocrx_word' id='word_1_73' title='bbox 1401 798 1452 826; x_wconf 83' lang='lat' dir='ltr'>ac</span> <span class='ocrx_word' id='word_1_74' title='bbox 1471 779 1546 826; x_wconf 87' lang='lat' dir='ltr'>di-</span> 
     </span>
     <span class='ocr_line' id='line_1_10' title="bbox 215 845 1547 915; baseline 0.001 -19"><span class='ocrx_word' id='word_1_75' title='bbox 215 847 421 915; x_wconf 86' lang='lat' dir='ltr'>ligentia</span> <span class='ocrx_word' id='word_1_76' title='bbox 441 845 700 896; x_wconf 86' lang='lat' dir='ltr'>serventur</span> <span class='ocrx_word' id='word_1_77' title='bbox 725 882 735 893; x_wconf 86' lang='lat'><strong>.</strong></span> <span class='ocrx_word' id='word_1_78' title='bbox 758 848 1099 911; x_wconf 77' lang='lat' dir='ltr'>Qamobrem</span> <span class='ocrx_word' id='word_1_79' title='bbox 1119 846 1369 914; x_wconf 84' lang='lat' dir='ltr'>Episcopis</span> <span class='ocrx_word' id='word_1_80' title='bbox 1390 848 1547 897; x_wconf 78' lang='lat' dir='ltr'>distri-</span> 
     </span>
     <span class='ocr_line' id='line_1_11' title="bbox 219 918 1547 986; baseline 0 -19"><span class='ocrx_word' id='word_1_81' title='bbox 219 918 294 967; x_wconf 65' lang='grc' dir='ltr'>θεὲ</span> <span class='ocrx_word' id='word_1_82' title='bbox 313 921 627 986; x_wconf 78' lang='lat' dir='ltr'>praecipimus</span> <span class='ocrx_word' id='word_1_83' title='bbox 649 954 666 977; x_wconf 85' lang='lat'><strong>,</strong></span> <span class='ocrx_word' id='word_1_84' title='bbox 701 932 757 965; x_wconf 89' lang='lat' dir='ltr'>ut</span> <span class='ocrx_word' id='word_1_85' title='bbox 783 923 1026 968; x_wconf 82' lang='lat' dir='ltr'>contraria</span> <span class='ocrx_word' id='word_1_86' title='bbox 1043 921 1207 967; x_wconf 88' lang='lat' dir='ltr'>omnia</span> <span class='ocrx_word' id='word_1_87' title='bbox 1227 953 1244 975; x_wconf 86' lang='lat'><strong><em>,</em></strong></span> <span class='ocrx_word' id='word_1_88' title='bbox 1263 935 1370 985; x_wconf 78' lang='lat' dir='ltr'>quae</span> <span class='ocrx_word' id='word_1_89' title='bbox 1388 921 1440 967; x_wconf 90' lang='lat' dir='ltr'>in</span> <span class='ocrx_word' id='word_1_90' title='bbox 1457 919 1547 969; x_wconf 84' lang='lat' dir='ltr'>Ec-</span> 
     </span>
     <span class='ocr_line' id='line_1_12' title="bbox 218 987 1547 1056; baseline 0.002 -19"><span class='ocrx_word' id='word_1_91' title='bbox 218 988 371 1038; x_wconf 87' lang='lat' dir='ltr'>clefiis</span> <span class='ocrx_word' id='word_1_92' title='bbox 397 1024 414 1046; x_wconf 90' lang='lat'>‚</span> <span class='ocrx_word' id='word_1_93' title='bbox 451 993 530 1043; x_wconf 82' lang='lat' dir='ltr'>seu</span> <span class='ocrx_word' id='word_1_94' title='bbox 569 988 881 1039; x_wconf 83' lang='lat' dir='ltr'>secularibus</span> <span class='ocrx_word' id='word_1_95' title='bbox 911 1024 928 1047; x_wconf 86' lang='lat'><strong>,</strong></span> <span class='ocrx_word' id='word_1_96' title='bbox 966 989 1046 1039; x_wconf 87' lang='lat' dir='ltr'>seu</span> <span class='ocrx_word' id='word_1_97' title='bbox 1078 987 1409 1056; x_wconf 83' lang='lat' dir='ltr'>Regularibus</span> <span class='ocrx_word' id='word_1_98' title='bbox 1440 997 1460 1051; x_wconf 86' lang='lat'>&lt;</span> <span class='ocrx_word' id='word_1_99' title='bbox 1488 994 1547 1040; x_wconf 87' lang='lat' dir='ltr'>iis</span> 
     </span>
     <span class='ocr_line' id='line_1_13' title="bbox 223 1057 1551 1126; baseline 0 -19"><span class='ocrx_word' id='word_1_100' title='bbox 223 1063 447 1126; x_wconf 83' lang='lat' dir='ltr'>exceptis</span> <span class='ocrx_word' id='word_1_101' title='bbox 466 1093 482 1115; x_wconf 91' lang='lat'>,</span> <span class='ocrx_word' id='word_1_102' title='bbox 514 1063 601 1125; x_wconf 89' lang='lat' dir='ltr'>qui</span> <span class='ocrx_word' id='word_1_103' title='bbox 618 1061 822 1126; x_wconf 86' lang='lat' dir='ltr'>proprio</span> <span class='ocrx_word' id='word_1_104' title='bbox 856 1058 938 1106; x_wconf 86' lang='lat' dir='ltr'>vel</span> <span class='ocrx_word' id='word_1_105' title='bbox 956 1058 1151 1109; x_wconf 81' lang='lat' dir='ltr'>Rituali</span> <span class='ocrx_word' id='word_1_106' title='bbox 1168 1094 1184 1116; x_wconf 83' lang='lat'>‚</span> <span class='ocrx_word' id='word_1_107' title='bbox 1219 1057 1300 1106; x_wconf 81' lang='lat' dir='ltr'>vel</span> <span class='ocrx_word' id='word_1_108' title='bbox 1325 1057 1515 1107; x_wconf 85' lang='lat' dir='ltr'>Missali</span> <span class='ocrx_word' id='word_1_109' title='bbox 1534 1097 1551 1118; x_wconf 90' lang='lat'><strong>,</strong></span> 
     </span>
     <span class='ocr_line' id='line_1_14' title="bbox 222 1128 1549 1193; baseline 0.001 -15"><span class='ocrx_word' id='word_1_110' title='bbox 222 1130 305 1178; x_wconf 88' lang='lat' dir='ltr'>vel</span> <span class='ocrx_word' id='word_1_111' title='bbox 326 1129 581 1178; x_wconf 84' lang='lat' dir='ltr'>Breviario</span> <span class='ocrx_word' id='word_1_112' title='bbox 601 1143 806 1176; x_wconf 91' lang='lat' dir='ltr'>utuntur</span> <span class='ocrx_word' id='word_1_113' title='bbox 820 1162 837 1183; x_wconf 92' lang='lat'>‚</span> <span class='ocrx_word' id='word_1_114' title='bbox 867 1147 891 1174; x_wconf 82' lang='lat' dir='ltr'>a</span> <span class='ocrx_word' id='word_1_115' title='bbox 912 1128 957 1176; x_wconf 87' lang='lat' dir='ltr'>S.</span> <span class='ocrx_word' id='word_1_116' title='bbox 978 1128 1099 1177; x_wconf 86' lang='lat' dir='ltr'>Sede</span> <span class='ocrx_word' id='word_1_117' title='bbox 1117 1128 1364 1193; x_wconf 85' lang='lat' dir='ltr'>probato)</span> <span class='ocrx_word' id='word_1_118' title='bbox 1384 1145 1549 1179; x_wconf 80' lang='lat' dir='ltr'>contra</span> 
     </span>
     <span class='ocr_line' id='line_1_15' title="bbox 220 1194 1551 1267; baseline 0.002 -20"><span class='ocrx_word' id='word_1_119' title='bbox 220 1198 564 1267; x_wconf 71' lang='lat' dir='ltr'>praescriptum</span> <span class='ocrx_word' id='word_1_120' title='bbox 597 1194 897 1247; x_wconf 88' lang='lat' dir='ltr'>Pontificalis</span> <span class='ocrx_word' id='word_1_121' title='bbox 928 1196 1148 1247; x_wconf 88' lang='lat' dir='ltr'>Romani</span> <span class='ocrx_word' id='word_1_122' title='bbox 1167 1233 1185 1255; x_wconf 89' lang='lat'>‚</span> <span class='ocrx_word' id='word_1_123' title='bbox 1214 1198 1264 1247; x_wconf 67' lang='grc' dir='ltr'>ὅ(</span> <span class='ocrx_word' id='word_1_124' title='bbox 1300 1197 1551 1249; x_wconf 74' lang='lat' dir='ltr'>Caeremo-</span> 
     </span>
     <span class='ocr_line' id='line_1_16' title="bbox 219 1265 1549 1336; baseline 0.001 -18"><span class='ocrx_word' id='word_1_125' title='bbox 219 1268 364 1318; x_wconf 82' lang='lat' dir='ltr'>nialis</span> <span class='ocrx_word' id='word_1_126' title='bbox 385 1266 740 1336; x_wconf 86' lang='lat' dir='ltr'>Episcoporum</span> <span class='ocrx_word' id='word_1_127' title='bbox 762 1303 779 1326; x_wconf 90' lang='lat'>,</span> <span class='ocrx_word' id='word_1_128' title='bbox 797 1266 880 1316; x_wconf 84' lang='lat' dir='ltr'>vel</span> <span class='ocrx_word' id='word_1_129' title='bbox 895 1267 1145 1318; x_wconf 81' lang='lat' dir='ltr'>Rubricas</span> <span class='ocrx_word' id='word_1_130' title='bbox 1164 1265 1372 1317; x_wconf 81' lang='lat' dir='ltr'>Miffalis</span> <span class='ocrx_word' id='word_1_131' title='bbox 1394 1305 1411 1328; x_wconf 85' lang='lat'>‚</span> <span class='ocrx_word' id='word_1_132' title='bbox 1432 1270 1549 1319; x_wconf 86' lang='lat' dir='ltr'>Bre-</span> 
     </span>
     <span class='ocr_line' id='line_1_17' title="bbox 219 1338 1547 1409; baseline 0.001 -19"><span class='ocrx_word' id='word_1_133' title='bbox 219 1342 365 1390; x_wconf 84' lang='lat' dir='ltr'>viarii</span> <span class='ocrx_word' id='word_1_134' title='bbox 388 1375 404 1398; x_wconf 86' lang='lat'>‚</span> <span class='ocrx_word' id='word_1_135' title='bbox 431 1341 481 1389; x_wconf 84' lang='lat'>&amp;</span> <span class='ocrx_word' id='word_1_136' title='bbox 498 1338 714 1389; x_wconf 85' lang='lat' dir='ltr'>Ritualis</span> <span class='ocrx_word' id='word_1_137' title='bbox 730 1375 747 1397; x_wconf 87' lang='lat'>,</span> <span class='ocrx_word' id='word_1_138' title='bbox 776 1338 1006 1409; x_wconf 80' lang='lat' dir='ltr'>irrepfisse</span> <span class='ocrx_word' id='word_1_139' title='bbox 1025 1343 1360 1408; x_wconf 88' lang='lat' dir='ltr'>compererint</span> <span class='ocrx_word' id='word_1_140' title='bbox 1379 1377 1397 1400; x_wconf 92' lang='lat'>‚</span> <span class='ocrx_word' id='word_1_141' title='bbox 1414 1341 1547 1391; x_wconf 89' lang='lat' dir='ltr'>dete-</span> 
     </span>
     <span class='ocr_line' id='line_1_18' title="bbox 219 1409 1549 1480; baseline 0.001 -20"><span class='ocrx_word' id='word_1_142' title='bbox 219 1409 410 1460; x_wconf 83' lang='lat' dir='ltr'>stabiles</span> <span class='ocrx_word' id='word_1_143' title='bbox 433 1425 686 1478; x_wconf 84' lang='lat' dir='ltr'>tamquam</span> <span class='ocrx_word' id='word_1_144' title='bbox 706 1409 876 1459; x_wconf 84' lang='lat' dir='ltr'>abusus</span> <span class='ocrx_word' id='word_1_145' title='bbox 894 1447 911 1468; x_wconf 86' lang='lat'>,</span> <span class='ocrx_word' id='word_1_146' title='bbox 944 1413 994 1462; x_wconf 83' lang='lat'>&amp;</span> <span class='ocrx_word' id='word_1_147' title='bbox 1013 1411 1310 1478; x_wconf 86' lang='lat' dir='ltr'>corruptelas</span> <span class='ocrx_word' id='word_1_148' title='bbox 1331 1447 1347 1468; x_wconf 89' lang='lat'><strong>,</strong></span> <span class='ocrx_word' id='word_1_149' title='bbox 1378 1413 1549 1480; x_wconf 86' lang='lat' dir='ltr'>prohi-</span> 
     </span>
     <span class='ocr_line' id='line_1_19' title="bbox 218 1481 1546 1549; baseline 0 -17"><span class='ocrx_word' id='word_1_150' title='bbox 218 1481 367 1532; x_wconf 84' lang='lat' dir='ltr'>beant</span> <span class='ocrx_word' id='word_1_151' title='bbox 386 1517 402 1539; x_wconf 88' lang='lat'>,</span> <span class='ocrx_word' id='word_1_152' title='bbox 421 1484 470 1532; x_wconf 84' lang='lat'>&amp;</span> <span class='ocrx_word' id='word_1_153' title='bbox 486 1486 690 1531; x_wconf 88' lang='lat' dir='ltr'>omnino</span> <span class='ocrx_word' id='word_1_154' title='bbox 709 1481 927 1530; x_wconf 83' lang='lat' dir='ltr'>studeant</span> <span class='ocrx_word' id='word_1_155' title='bbox 946 1498 1202 1531; x_wconf 84' lang='lat' dir='ltr'>removere</span> <span class='ocrx_word' id='word_1_156' title='bbox 1220 1500 1235 1540; x_wconf 84' lang='lat'><em>3</em></span> <span class='ocrx_word' id='word_1_157' title='bbox 1259 1486 1431 1549; x_wconf 85' lang='lat' dir='ltr'>quavis</span> <span class='ocrx_word' id='word_1_158' title='bbox 1447 1501 1546 1532; x_wconf 89' lang='lat' dir='ltr'>non</span> 
     </span>
     <span class='ocr_line' id='line_1_20' title="bbox 219 1548 1546 1621; baseline 0.001 -20"><span class='ocrx_word' id='word_1_159' title='bbox 219 1551 434 1601; x_wconf 89' lang='lat' dir='ltr'>obstante</span> <span class='ocrx_word' id='word_1_160' title='bbox 452 1551 733 1621; x_wconf 79' lang='lat' dir='ltr'>interposita</span> <span class='ocrx_word' id='word_1_161' title='bbox 753 1550 1078 1620; x_wconf 85' lang='lat' dir='ltr'>appellatione</span> <span class='ocrx_word' id='word_1_162' title='bbox 1090 1587 1109 1610; x_wconf 86' lang='lat'>‚</span> <span class='ocrx_word' id='word_1_163' title='bbox 1131 1548 1214 1600; x_wconf 86' lang='lat' dir='ltr'>vel</span> <span class='ocrx_word' id='word_1_164' title='bbox 1230 1554 1546 1602; x_wconf 83' lang='lat' dir='ltr'>immemora-</span> 
     </span>
     <span class='ocr_line' id='line_1_21' title="bbox 219 1621 1546 1690; baseline 0 -17"><span class='ocrx_word' id='word_1_165' title='bbox 219 1622 315 1673; x_wconf 88' lang='lat' dir='ltr'>bili</span> <span class='ocrx_word' id='word_1_166' title='bbox 339 1622 543 1690; x_wconf 83' lang='lat' dir='ltr'>allegata</span> <span class='ocrx_word' id='word_1_167' title='bbox 561 1621 910 1673; x_wconf 87' lang='lat' dir='ltr'>consuetudine</span> <span class='ocrx_word' id='word_1_168' title='bbox 930 1643 946 1683; x_wconf 84' lang='lat'>3</span> <span class='ocrx_word' id='word_1_169' title='bbox 966 1641 1081 1672; x_wconf 91' lang='lat' dir='ltr'>cum</span> <span class='ocrx_word' id='word_1_170' title='bbox 1093 1640 1192 1671; x_wconf 91' lang='lat' dir='ltr'>non</span> <span class='ocrx_word' id='word_1_171' title='bbox 1211 1623 1344 1690; x_wconf 89' lang='lat' dir='ltr'>quod</span> <span class='ocrx_word' id='word_1_172' title='bbox 1364 1623 1420 1672; x_wconf 91' lang='lat' dir='ltr'>fit</span> <span class='ocrx_word' id='word_1_173' title='bbox 1433 1660 1450 1683; x_wconf 89' lang='lat'>‚</span> <span class='ocrx_word' id='word_1_174' title='bbox 1467 1623 1546 1673; x_wconf 90' lang='lat' dir='ltr'>sed</span> 
     </span>
     <span class='ocr_line' id='line_1_22' title="bbox 219 1691 1698 1762; baseline 0.002 -21"><span class='ocrx_word' id='word_1_175' title='bbox 219 1693 354 1760; x_wconf 86' lang='lat' dir='ltr'>quod</span> <span class='ocrx_word' id='word_1_176' title='bbox 374 1694 480 1741; x_wconf 87' lang='lat' dir='ltr'>fieri</span> <span class='ocrx_word' id='word_1_177' title='bbox 498 1693 644 1743; x_wconf 91' lang='lat' dir='ltr'>debet</span> <span class='ocrx_word' id='word_1_178' title='bbox 665 1729 681 1752; x_wconf 90' lang='lat'>,</span> <span class='ocrx_word' id='word_1_179' title='bbox 710 1691 766 1743; x_wconf 88' lang='lat' dir='ltr'>s1t</span> <span class='ocrx_word' id='word_1_180' title='bbox 786 1694 1138 1745; x_wconf 82' lang='lat' dir='ltr'>attendendum</span> <span class='ocrx_word' id='word_1_181' title='bbox 1157 1713 1168 1742; x_wconf 92' lang='lat'><strong>:</strong></span> <span class='ocrx_word' id='word_1_182' title='bbox 1197 1694 1247 1744; x_wconf 86' lang='lat'>&amp;</span> <span class='ocrx_word' id='word_1_183' title='bbox 1262 1695 1430 1762; x_wconf 84' lang='lat' dir='ltr'>regula</span> <span class='ocrx_word' id='word_1_184' title='bbox 1448 1695 1509 1744; x_wconf 89' lang='lat' dir='ltr'>est</span> <span class='ocrx_word' id='word_1_185' title='bbox 1527 1732 1544 1755; x_wconf 89' lang='lat'>‚</span> <span class='ocrx_word' id='word_1_186' title='bbox 1676 1730 1698 1755; x_wconf 73' lang='lat' dir='ltr'>a</span> 
     </span>
     <span class='ocr_line' id='line_1_23' title="bbox 220 1763 1809 1834; baseline 0.001 -23"><span class='ocrx_word' id='word_1_187' title='bbox 220 1781 322 1813; x_wconf 88' lang='lat' dir='ltr'>non</span> <span class='ocrx_word' id='word_1_188' title='bbox 339 1768 523 1813; x_wconf 84' lang='lat' dir='ltr'>cantari</span> <span class='ocrx_word' id='word_1_189' title='bbox 543 1800 560 1822; x_wconf 87' lang='lat'>‚</span> <span class='ocrx_word' id='word_1_190' title='bbox 580 1763 669 1813; x_wconf 75' lang='lat' dir='ltr'>nisi</span> <span class='ocrx_word' id='word_1_191' title='bbox 685 1766 820 1834; x_wconf 90' lang='lat' dir='ltr'>quod</span> <span class='ocrx_word' id='word_1_192' title='bbox 840 1765 1024 1834; x_wconf 84' lang='lat' dir='ltr'>legitur</span> <span class='ocrx_word' id='word_1_193' title='bbox 1042 1764 1132 1815; x_wconf 81' lang='lat' dir='ltr'>effe</span> <span class='ocrx_word' id='word_1_194' title='bbox 1150 1765 1444 1816; x_wconf 83' lang='lat' dir='ltr'>cantandum</span> <span class='ocrx_word' id='word_1_195' title='bbox 1466 1774 1479 1792; x_wconf 81' lang='lat'>²</span> <span class='ocrx_word' id='word_1_196' title='bbox 1495 1802 1506 1814; x_wconf 86' lang='lat'><strong>.</strong></span> <span class='ocrx_word' id='word_1_197' title='bbox 1573 1772 1616 1801; x_wconf 82' lang='lat' dir='ltr'>D·</span> <span class='ocrx_word' id='word_1_198' title='bbox 1634 1772 1730 1813; x_wconf 68' lang='lat' dir='ltr'>Aug.</span> <span class='ocrx_word' id='word_1_199' title='bbox 1751 1769 1809 1805; x_wconf 61' lang='lat'>5²23</span> 
     </span>
    </p>
   </div>
   <div class='ocr_carea' id='block_1_2' title="bbox 215 1814 1809 2151">
    <p class='ocr_par' dir='ltr' id='par_1_2' title="bbox 215 1814 1809 2151">
     <span class='ocr_line' id='line_1_24' title="bbox 1570 1814 1809 1859; baseline 0.017 -12"><span class='ocrx_word' id='word_1_200' title='bbox 1570 1814 1640 1857; x_wconf 82' lang='lat' dir='ltr'>[uis</span> <span class='ocrx_word' id='word_1_201' title='bbox 1655 1816 1785 1859; x_wconf 67' lang='lat' dir='ltr'>Regulis</span> <span class='ocrx_word' id='word_1_202' title='bbox 1799 1839 1809 1850; x_wconf 85' lang='lat'>.</span> 
     </span>
     <span class='ocr_line' id='line_1_25' title="bbox 215 1938 1544 2006; baseline 0.002 -15"><span class='ocrx_word' id='word_1_203' title='bbox 215 1941 455 1991; x_wconf 80' lang='lat' dir='ltr'>Decretum</span> <span class='ocrx_word' id='word_1_204' title='bbox 476 1940 713 1989; x_wconf 80' lang='lat' dir='ltr'>Clementis</span> <span class='ocrx_word' id='word_1_205' title='bbox 733 1940 824 1990; x_wconf 90' lang='lat' dir='ltr'>PP.</span> <span class='ocrx_word' id='word_1_206' title='bbox 844 1938 939 1990; x_wconf 87' lang='grc' dir='ltr'>ΧῙ.</span> <span class='ocrx_word' id='word_1_207' title='bbox 961 1944 1075 1988; x_wconf 83' lang='lat' dir='ltr'>circa</span> <span class='ocrx_word' id='word_1_208' title='bbox 1094 1938 1333 2006; x_wconf 66' lang='lat' dir='ltr'>Mzffirum</span> <span class='ocrx_word' id='word_1_209' title='bbox 1352 1943 1544 1993; x_wconf 72' lang='lat' dir='ltr'>celebra-</span> 
     </span>
     <span class='ocr_line' id='line_1_26' title="bbox 287 2012 1474 2080; baseline 0.002 -20"><span class='ocrx_word' id='word_1_210' title='bbox 287 2016 446 2061; x_wconf 85' lang='lat' dir='ltr'>tionem</span> <span class='ocrx_word' id='word_1_211' title='bbox 466 2017 512 2060; x_wconf 82' lang='lat' dir='ltr'>in</span> <span class='ocrx_word' id='word_1_212' title='bbox 530 2013 760 2061; x_wconf 79' lang='lat' dir='ltr'>Oratoriis</span> <span class='ocrx_word' id='word_1_213' title='bbox 777 2014 985 2078; x_wconf 70' lang='lat' dir='ltr'>privatis</span> <span class='ocrx_word' id='word_1_214' title='bbox 999 2046 1015 2068; x_wconf 86' lang='lat'>‚</span> <span class='ocrx_word' id='word_1_215' title='bbox 1040 2027 1122 2078; x_wconf 83' lang='lat' dir='ltr'>per</span> <span class='ocrx_word' id='word_1_216' title='bbox 1148 2012 1372 2080; x_wconf 78' lang='lat' dir='ltr'>Epzscopos</span> <span class='ocrx_word' id='word_1_217' title='bbox 1390 2030 1474 2080; x_wconf 78' lang='lat' dir='ltr'>pu-</span> 
     </span>
     <span class='ocr_line' id='line_1_27' title="bbox 359 2082 1393 2151; baseline 0 -21"><span class='ocrx_word' id='word_1_218' title='bbox 359 2083 605 2132; x_wconf 79' lang='lat' dir='ltr'>blicandum</span> <span class='ocrx_word' id='word_1_219' title='bbox 622 2119 640 2142; x_wconf 88' lang='lat'><strong><em>,</em></strong></span> <span class='ocrx_word' id='word_1_220' title='bbox 674 2085 728 2132; x_wconf 57' lang='grc' dir='ltr'><em>Θ</em></span> <span class='ocrx_word' id='word_1_221' title='bbox 757 2082 1080 2150; x_wconf 68' lang='lat' dir='ltr'>observandum</span> <span class='ocrx_word' id='word_1_222' title='bbox 1100 2087 1361 2151; x_wconf 65' lang='lat' dir='ltr'>praecipitur</span> <span class='ocrx_word' id='word_1_223' title='bbox 1383 2120 1393 2130; x_wconf 93' lang='lat'>.</span> 
     </span>
    </p>
   </div>
   <div class='ocr_carea' id='block_1_3' title="bbox 215 2188 1826 2455">
    <p class='ocr_par' dir='ltr' id='par_1_3' title="bbox 215 2188 1826 2455">
     <span class='ocr_line' id='line_1_28' title="bbox 392 2188 1537 2241; baseline -0.001 -1"><span class='ocrx_word' id='word_1_224' title='bbox 392 2188 511 2240; x_wconf 86' lang='lat' dir='ltr'>Uod</span> <span class='ocrx_word' id='word_1_225' title='bbox 541 2209 564 2238; x_wconf 90' lang='lat' dir='ltr'>a</span> <span class='ocrx_word' id='word_1_226' title='bbox 582 2188 659 2238; x_wconf 89' lang='lat' dir='ltr'>fel.</span> <span class='ocrx_word' id='word_1_227' title='bbox 682 2209 778 2239; x_wconf 89' lang='lat' dir='ltr'>rec.</span> <span class='ocrx_word' id='word_1_228' title='bbox 799 2189 1060 2240; x_wconf 87' lang='lat' dir='ltr'>Clemente</span> <span class='ocrx_word' id='word_1_229' title='bbox 1080 2189 1170 2239; x_wconf 89' lang='lat' dir='ltr'>XI.</span> <span class='ocrx_word' id='word_1_230' title='bbox 1203 2189 1285 2239; x_wconf 82' lang='lat' dir='ltr'>suo</span> <span class='ocrx_word' id='word_1_231' title='bbox 1314 2190 1412 2239; x_wconf 82' lang='lat' dir='ltr'>lato</span> <span class='ocrx_word' id='word_1_232' title='bbox 1430 2191 1537 2241; x_wconf 81' lang='lat' dir='ltr'>De-</span> 
     </span>
     <span class='ocr_line' id='line_1_29' title="bbox 411 2259 1536 2322; baseline -0.001 -12"><span class='ocrx_word' id='word_1_233' title='bbox 411 2276 543 2310; x_wconf 88' lang='lat' dir='ltr'>creto</span> <span class='ocrx_word' id='word_1_234' title='bbox 576 2259 662 2311; x_wconf 93' lang='lat' dir='ltr'>sub</span> <span class='ocrx_word' id='word_1_235' title='bbox 690 2262 767 2310; x_wconf 90' lang='lat' dir='ltr'>die</span> <span class='ocrx_word' id='word_1_236' title='bbox 804 2279 879 2320; x_wconf 84' lang='lat'>15.</span> <span class='ocrx_word' id='word_1_237' title='bbox 913 2260 1207 2313; x_wconf 85' lang='lat' dir='ltr'>Decembris</span> <span class='ocrx_word' id='word_1_238' title='bbox 1245 2279 1391 2322; x_wconf 80' lang='lat'>1703.</span> <span class='ocrx_word' id='word_1_239' title='bbox 1443 2266 1536 2310; x_wconf 51' lang='lat' dir='ltr'>in„</span> 
     </span>
     <span class='ocr_line' id='line_1_30' title="bbox 215 2329 1826 2455; baseline 0.001 -74"><span class='ocrx_word' id='word_1_240' title='bbox 215 2332 420 2403; x_wconf 84' lang='lat' dir='ltr'>allegata</span> <span class='ocrx_word' id='word_1_241' title='bbox 466 2330 565 2402; x_wconf 79' lang='lat' dir='ltr'>ipsa</span> <span class='ocrx_word' id='word_1_242' title='bbox 597 2331 893 2404; x_wconf 87' lang='lat' dir='ltr'>Appendice</span> <span class='ocrx_word' id='word_1_243' title='bbox 933 2332 1260 2455; x_wconf 51' lang='lat' dir='ltr'>groserendo,</span> <span class='ocrx_word' id='word_1_244' title='bbox 1298 2347 1535 2402; x_wconf 87' lang='lat' dir='ltr'>opportu-</span> <span class='ocrx_word' id='word_1_245' title='bbox 1554 2329 1826 2398; x_wconf 56' lang='lat' dir='ltr'>Mati(</span> 
     </span>
    </p>
   </div>
   <div class='ocr_carea' id='block_1_4' title="bbox 1473 2410 1534 2454">
    <p class='ocr_par' dir='ltr' id='par_1_4' title="bbox 1473 2410 1534 2454">
     <span class='ocr_line' id='line_1_31' title="bbox 1473 2410 1534 2454; baseline 0.016 -1"><span class='ocrx_word' id='word_1_246' title='bbox 1473 2410 1534 2454; x_wconf 75' lang='lat' dir='ltr'>ne</span> 
     </span>
    </p>
   </div>
  </div>
 </body>
</html>
