2043 2958
475 238 571 271 100
808 221 1450 272 ConcimzRoMANi

593 356 1003 440 T'ITUL
1045 359 1187 432 US
1266 362 1680 433 XXVIII.

849 491 948 554 De
971 487 1379 553 Immunitate
1400 534 1415 551 .

962 636 1011 684 C
1046 635 1098 684 A
1136 634 1190 682 P.
1265 634 1304 682 I.

470 738 681 808 Gregorii
698 737 840 790 XIV.
864 739 1136 790 Constitutio
1153 739 1285 807 sitper
1313 739 1599 807 Ecclefiarum
1627 744 1788 789 immu-

558 816 702 860 nitate
718 847 734 869 ,
765 832 885 861 nova
903 812 1168 860 BssNssmcn
1192 810 1331 858 XIII.
1376 809 1701 860 Constitutione

675 886 725 931 in
763 883 925 948 cafibus
961 880 1181 948 aliquibus
1215 879 1504 938 declaratur,
1547 884 1602 929 (9⁴
1633 881 1637 884 Δ

790 953 852 1000 ad
863 952 1063 1020 quosdam
1081 951 1192 1001 alios
1211 950 1475 1001 extenditur
1488 987 1499 997 .

644 1075 691 1124 O
707 1095 736 1123 N
754 1096 772 1123 s
787 1093 818 1125 u
831 1096 853 1123 ε
869 1096 895 1124 T
910 1097 937 1123 o
970 1073 1269 1145 Apostolicae
1292 1071 1426 1124 Sedis
1456 1075 1791 1125 moderamine

480 1099 514 1235 <
668 1152 991 1196 convenimur
1012 1183 1028 1204 ,
1063 1147 1124 1193 fic
1150 1144 1253 1194 Nos
1285 1161 1602 1211 paternorum
1621 1147 1800 1195 debere

669 1217 929 1267 Canonum
956 1217 1150 1266 decreta
1171 1213 1353 1265 librare
1373 1251 1390 1274 ‚
1427 1219 1475 1266 &
1495 1217 1795 1265 Pontificum

475 1287 878 1352 praedecessorum
896 1288 1169 1337 nostrorum
1189 1286 1356 1335 statuta
1375 1290 1543 1335 metiri
1564 1324 1580 1346 ‚
1599 1303 1670 1343 ut,
1688 1305 1795 1354 quae

475 1355 790 1422 praesentium
803 1359 1058 1409 necessitas
1078 1374 1362 1425 temporum
1379 1359 1703 1415 extendenda,
1717 1357 1798 1406 vel

476 1426 761 1477 declaranda
783 1429 1001 1497 deposcit
1020 1464 1037 1486 ,
1054 1429 1390 1496 providenter,
1408 1429 1638 1496 diligenti
1658 1428 1798 1477 adhi-

474 1495 576 1545 bita
598 1498 976 1550 confideratione
992 1536 1008 1557 ,
1028 1499 1370 1557 extendamuS,
1392 1501 1441 1549 &
1465 1500 1767 1548 declaremus
1790 1533 1801 1545 .

477 1566 600 1616 Sane
617 1568 853 1636 siquidem
888 1570 1206 1619 celeberrima
1233 1569 1467 1637 Gregorii
1485 1571 1626 1620 XIV.
1665 1571 1803 1619 Con-

306 1650 328 1676 a
357 1683 400 1720 l·³
473 1636 686 1687 stitutioa
704 1638 843 1707 super
862 1639 1179 1690 Ecclefiarum
1212 1643 1524 1688 immunitate
1543 1676 1559 1697 ,
1600 1640 1801 1688 confilio

235 1694 419 1770 ssmfiffis
474 1706 595 1757 licet
614 1715 806 1777 optimo
822 1711 880 1760 ab
899 1713 1045 1758 initio
1065 1708 1192 1759 edita
1212 1744 1227 1766 2
1246 1710 1403 1758 trastu
1421 1725 1583 1759 tamen
1603 1726 1801 1778 tempo-

238 1787 421 1824 ·2212211591·
477 1783 542 1828 ris
563 1815 580 1838 ‚
614 1781 696 1829 vel
715 1784 828 1847 quia
844 1779 1168 1830 multifariam
1185 1800 1209 1829 a
1226 1780 1530 1830 Decioribus
1553 1780 1768 1848 expofita
1784 1815 1803 1838 ,

477 1849 560 1899 vel
580 1854 694 1919 quia
707 1851 1047 1901 Ecclefiasticis
1067 1851 1177 1918 ipsis
1197 1855 1249 1898 in
1270 1850 1628 1901 Tribunalibus
1654 1854 1801 1919 praxi

480 1922 543 1971 est
559 1916 815 1975 observata
845 1921 1104 1979 dissimili,
1135 1921 1431 1989 quotidianae
1452 1923 1799 1971 tantummodo

479 1994 676 2042 videtur
697 1992 785 2041 effe
803 1991 897 2041 fori
917 1991 1170 2058 utriusque
1185 1992 1446 2057 judicibus
1467 1991 1800 2059 disputationi.

481 2062 817 2128 Qamobrem
833 2062 1248 2113 Constitutionem
1268 2061 1420 2129 ipsam
1442 2099 1458 2120 ,
1487 2081 1635 2129 quam
1672 2076 1802 2111 cete-

479 2139 663 2201 roquin
692 2132 873 2181 salvam
907 2133 1095 2200 semper
1114 2133 1344 2181 volumus
1373 2137 1426 2182 in
1454 2132 1532 2182 sua
1565 2133 1798 2182 firmitate

480 2197 730 2254 remanere
748 2240 764 2261 ‚
785 2202 916 2253 sacro
934 2205 1027 2253 hoc
1049 2207 1197 2252 etiam
1215 2203 1514 2272 approbante
1531 2203 1765 2255 Concilio
1782 2240 1800 2263 ,

483 2279 536 2324 in
553 2274 799 2344 aliquibus
819 2275 998 2324 cafibus
1019 2274 1262 2324 declarare
1278 2311 1295 2334 2
1326 2277 1375 2325 ὅ(
1403 2275 1460 2324 ad
1477 2293 1627 2325 novos
1647 2274 1766 2323 alios
1786 2310 1803 2333 ,

483 2347 614 2396 ultra
636 2350 809 2411 jamin
828 2346 996 2398 eadem
1015 2345 1258 2414 expreffos
1277 2381 1293 2406 ,
1326 2346 1589 2398 extendere
1611 2345 1804 2409 judica-

1622 2419 1807 2476 vimus,
