2043 2958
134 1423 363 1465 Transumptis

135 1466 331 1515 credendum
356 1467 413 1500 de-

136 1516 273 1539 cernitur
287 1529 296 1538 .

131 2210 303 2240 Decretum
339 2217 409 2250 pne-

133 2252 208 2283 nale
222 2274 231 2284 .

445 259 545 317 284
917 253 1287 302 Appennix

441 325 577 377 quavis
593 327 945 379 quantumcumque
959 324 1109 363 sublimi
1125 323 1316 374 dignitate
1329 350 1340 368 ‚
1368 322 1406 361 ἅ
1419 327 1654 366 authoritate
1669 325 1751 366 ful-

439 377 621 428 gentibus
640 404 652 421 ,
682 382 718 414 ec
746 388 792 414 ex
809 377 1002 425 quibusvis
1025 377 1143 415 etiam
1169 377 1375 428 gravibus,
1404 389 1448 415 ac
1477 378 1750 428 urgentiffirnis

441 431 581 474 causis,
606 428 669 466 sub
694 427 993 478 quibuscumque
1009 428 1204 466 tenoribus
1220 456 1231 474 ‚
1259 427 1297 465 &
1314 428 1474 474 formis,
1502 431 1540 470 &
1557 441 1646 468 cum
1670 430 1754 480 qui-

440 481 568 520 busvis
594 481 713 519 etiam
728 480 1064 530 derogatoriarum
1080 480 1336 529 derogatoriis
1354 508 1366 525 ,
1390 481 1545 531 aliisque
1561 480 1752 520 efficacio-

439 533 547 571 ribus
559 560 570 577 ,
585 531 853 571 efficacissimis
869 562 881 579 ,
902 536 940 573 dt
958 531 1122 571 insolitis
1138 531 1315 570 clausulis
1328 559 1339 578 ‚
1364 544 1409 571 ac
1424 532 1664 572 irritantibus
1681 561 1692 579 ‚
1708 534 1747 572 δι’.

439 584 527 622 aliis
538 585 715 623 Decretis
729 611 741 629 ‚
766 582 886 624 etiam
900 593 1011 623 motu
1028 612 1039 628 ‚
1055 584 1228 628 scientia,
1242 583 1280 622 St
1295 585 1490 632 potestatis
1505 584 1746 634 plenitudine

437 636 624 674 similibus
639 664 650 681 ,
682 636 802 674 etiam
819 634 1148 681 consistorialiter,
1175 647 1219 673 ac
1246 636 1338 673 alias
1354 637 1651 685 quomodolibet
1678 637 1748 675 im,

439 687 680 727 contrarium
696 687 983 737 praemifl'orum,
998 686 1194 732 concessis,
1205 686 1460 730 confirmatis,
1478 690 1516 727 St
1532 689 1725 727 innovatis
1739 716 1750 726 .

439 739 591 787 Qibus
618 741 799 778 omuibus
814 768 825 785 ‚
848 739 1079 790 &singulis‚
1102 740 1255 777 etiamsi
1280 751 1349 788 pro
1374 738 1577 779 sufficienti
1595 741 1751 778 illorum

437 791 696 842 derogatione
710 791 757 831 de
771 792 848 830 illis
862 820 874 839 ‚
890 804 1101 843 eorumque
1123 791 1317 829 tenoribus
1334 792 1502 840 specialis
1516 819 1527 835 ‚
1544 791 1716 841 specifica
1737 819 1750 838 ‚

439 841 606 892 expressa
618 872 630 889 ‚
646 843 682 881 ἃ
699 843 899 883 individua
916 872 927 889 ‚
942 856 984 881 ac
999 843 1047 882 de
1061 842 1180 881 verbo
1192 843 1241 882 ad
1253 844 1432 889 verbum,
1448 856 1524 881 non
1538 854 1667 882 autern
1686 856 1752 892 per

440 895 624 933 clausulas
665 897 850 939 enerales‚
864 896 969 933 idem
986 896 1256 943 imponantes,
1272 895 1434 938 mentm,
1447 896 1508 932 seu
1525 895 1661 943 quaevis
1677 895 1752 933 alia

440 945 626 994 expreffio
658 946 817 984 acienda
832 973 843 991 ,
868 954 932 984 aut
945 944 1071 994 aliqua
1088 945 1164 983 alia
1187 944 1372 993 exquisita
1387 945 1511 983 forma
1528 948 1573 984 ad
1588 949 1660 983 hoc
1676 947 1750 984 ser-

441 996 569 1035 vanda
584 997 682 1035 foret
700 1025 711 1044 ‚
733 998 890 1036 illorum
902 998 1096 1039 omnium,
1112 995 1150 1031 δε
1166 995 1399 1042 singulorum
1411 1005 1578 1038 tenores,
1592 997 1752 1042 formas,

438 1047 481 1085 δι
498 1048 732 1092 occasiones,
743 1060 787 1086 ac
801 1049 891 1092 alia,
906 1048 1027 1085 etiam
1043 1045 1194 1094 speciali
1207 1044 1441 1093 expreffione
1453 1047 1750 1096 dignam-‘esen-

438 1097 544 1137 tibus
562 1112 629 1148 pro
644 1100 753 1149 plene
769 1126 781 1144 ‚
809 1098 847 1136 &
865 1097 1100 1136 sufficienter
1113 1096 1293 1146 expressis
1305 1125 1317 1142 ‚
1346 1097 1497 1137 insertis
1514 1127 1523 1144 ‚
1541 1112 1583 1137 ac
1600 1100 1756 1139 servatis

438 1149 650 1199 respective
674 1152 865 1190 habentes
881 1179 892 1196 ‚
920 1153 992 1189 hac
1007 1150 1093 1188 vice
1104 1148 1304 1187 dumtaxat
1323 1175 1334 1193 ‚
1358 1149 1432 1187 illis
1446 1152 1541 1189 alias
1556 1153 1593 1188 in
1611 1151 1674 1189 suo
1687 1163 1755 1189 ro-

437 1201 533 1240 bore
557 1202 811 1252 permansuris
828 1231 839 1249 ,
868 1202 917 1241 ad
946 1199 1217 1252 praemissorum
1240 1199 1419 1239 effedtum
1445 1202 1680 1251 specialiter,
1715 1204 1755 1243 δι’.

440 1254 613 1302 expresse
638 1255 869 1307 derogamus
883 1281 894 1299 ‚
920 1267 964 1293 ac
978 1253 1211 1304 derogatum
1226 1251 1296 1291 effe
1309 1253 1487 1293 volumus
1506 1282 1518 1301 ‚
1542 1253 1753 1305 ceterisque

442 1306 649 1345 contrariis
671 1308 972 1356 quibuscumque
985 1334 995 1343 .

544 1358 600 1397 Ut
614 1366 744 1398 autem
770 1359 972 1408 praesentes
988 1356 1123 1397 Literae
1147 1357 1196 1397 ad
1209 1358 1388 1398 omnium
1403 1360 1586 1400 notitiam
1600 1359 1754 1398 facilius

442 1408 654 1450 deveniant
668 1437 680 1455 ‚
696 1412 735 1450 ὅ(
748 1423 864 1449 nemo
877 1409 1032 1447 illarum
1048 1411 1308 1457 ignorantiam
1325 1412 1494 1462 allegare
1509 1413 1639 1450 valeat
1652 1439 1663 1456 ‚
1677 1423 1752 1450 vo-

441 1463 570 1499 lumus
595 1460 683 1500 illas
698 1489 709 1506 ,
736 1462 798 1500 seu
821 1472 954 1499 earum
970 1461 1145 1509 exempla
1170 1461 1218 1498 ad
1249 1463 1382 1501 valvas
1402 1463 1573 1501 Ecclesiae
1589 1463 1751 1501 Latera-

442 1514 567 1552 nenfis
584 1541 594 1558 ‚
623 1512 660 1551 &c
674 1514 840 1553 Basilicae
855 1511 1045 1561 Principis
1058 1512 1333 1561 Apostolorum
1345 1541 1356 1559 ,
1377 1526 1529 1552 necnon
1546 1513 1753 1553 Cancella-

442 1566 506 1604 riae
520 1566 753 1614 Apostolicae
770 1593 782 1611 ,
806 1564 1007 1613 Curiaeque
1026 1565 1216 1613 generalis
1242 1565 1279 1602 in
1295 1564 1435 1605 Monte
1452 1564 1648 1604 Citatorio
1667 1593 1678 1609 ,
1707 1578 1750 1604 ac

444 1618 484 1655 in
499 1616 597 1655 Acie
610 1615 747 1667 Campi
762 1617 882 1656 Florae
902 1616 950 1654 de
962 1615 1069 1654 Urbe
1087 1642 1099 1659 ‚
1119 1623 1163 1654 ut
1180 1617 1298 1654 moris
1315 1619 1366 1655 est
1382 1645 1394 1662 ‚
1421 1616 1550 1666 affigi,
1576 1617 1613 1655 ὃ(
1629 1619 1753 1666 publi-

441 1667 519 1706 cari
536 1681 551 1708 5
580 1668 704 1716 sicque
725 1668 935 1717 publicatas
949 1694 960 1711 ,
982 1667 1020 1704 8<
1038 1664 1184 1710 affixas,
1198 1678 1333 1705 omnes
1348 1694 1359 1711 ,
1375 1669 1412 1705 ξε
1431 1669 1600 1718 singulos
1613 1694 1625 1712 ‚
1656 1681 1752 1718 quos

441 1719 514 1757 illae
540 1727 779 1757 concernunt
793 1745 805 1763 ‚
829 1717 984 1766 perinde
1007 1718 1178 1761 arctare,
1194 1718 1231 1755 ὃς
1247 1716 1399 1757 afficere
1411 1745 1423 1763 ‚
1441 1729 1486 1755 ac
1499 1719 1524 1755 fi
1544 1721 1749 1768 unicuique

441 1782 577 1809 eorum
605 1770 868 1813 nominatim,
896 1771 935 1805 ὅ(
960 1768 1207 1817 personaliter
1223 1768 1415 1807 intimatae
1430 1768 1604 1807 fuissent:
1637 1780 1753 1820 utque

436 1820 608 1870 ,ipsarum
633 1821 868 1868 praesentium
896 1819 1117 1858 Literarum
1145 1819 1397 1869 transumptis
1423 1847 1435 1865 ‚
1468 1820 1529 1857 seu
1565 1824 1750 1872 exemplis

442 1875 563 1912 etiam
578 1872 762 1921 impressis
776 1881 794 1917 ‚⁴
812 1869 1099 1915 manualicujus
1114 1870 1269 1909 Notarii
1291 1872 1432 1920 publici
1450 1871 1661 1921 subscriptis
1677 1902 1688 1920 ‚
1714 1874 1751 1913 8<

442 1924 571 1974 sigillo
584 1925 743 1970 alicujus
756 1923 922 1975 personae
936 1950 948 1969 ς,
963 1924 1002 1960 in
1023 1922 1283 1961 Ecclefiastica
1303 1923 1492 1972 dignitate
1520 1926 1745 1971 constitum

439 1973 619 2022 munitis,
638 1976 773 2015 eadem
790 1978 941 2024 prorsus
956 1973 1049 2012 fides
1062 1984 1143 2012 tam
1159 1975 1197 2012 in
1216 1974 1374 2020 judicio,
1390 1977 1503 2023 quam
1520 1985 1625 2014 extra
1641 1977 1750 2022 illud,

444 2028 584 2077 ubique
609 2027 838 2066 adhibeatur
854 2053 867 2071 ‚
894 2037 973 2073 quae
995 2025 1078 2075 ipsis
1102 2026 1344 2075 praesentibus
1358 2027 1629 2074 adhiberetur,
1655 2028 1753 2067 fiso-

444 2088 530 2117 rent
545 2079 718 2117 exhibitae
736 2105 747 2122 ,
771 2078 833 2115 vel
849 2076 1020 2115 ostensae.

549 2129 659 2168 Nulli
689 2141 783 2180 ergo
805 2127 968 2167 omnino
990 2127 1195 2167 hominum
1209 2128 1324 2167 liceat
1354 2130 1533 2180 paginam
1551 2135 1649 2173 hanc
1663 2131 1749 2171 No-

444 2183 524 2220 strae
552 2182 762 2220 voluntatis
778 2207 788 2225 ‚
812 2180 1016 2218 sanciionis
1043 2207 1054 2225 ‚
1093 2180 1363 2219 declarationis
1381 2208 1391 2222 ‚
1418 2183 1752 2228 confirmationis,

441 2230 650 2284 praecepti,
675 2232 849 2278 decreti,
877 2231 1078 2278 mandati,
1106 2232 1399 2281 prohibitionis,
1423 2236 1461 2274 δε
1489 2235 1750 2285 derogationis

441 2286 680 2337 infringere,
718 2285 780 2322 vel
809 2284 843 2322 ei
867 2285 954 2321 ausu
983 2286 1189 2322 temerario
1214 2286 1425 2324 contraire.
1457 2287 1492 2324 Si
1523 2287 1604 2336 quis
1620 2296 1753 2325 autem

442 2340 518 2375 hoc
547 2345 742 2375 attentare
780 2334 1051 2385 praesumpserit
1078 2363 1088 2380 ‚
1120 2337 1430 2386 indignationem
1459 2338 1754 2388 Omnipotentis

443 2389 548 2437 Dei,
576 2401 618 2429 ac
635 2388 839 2429 Beatorum
856 2386 985 2435 Petri,
1014 2390 1051 2429 ὃς
1076 2389 1185 2429 Pauli
1203 2389 1480 2440 Apostolorum
1505 2392 1583 2439 ejus
1599 2417 1611 2439 ‚
1637 2391 1758 2430 seno-

1656 2451 1757 2484 verit
