2043 2958
604 261 665 288 An
686 239 1279 292 CoNcsLmMROMANuM.
1499 247 1592 289 213

267 310 443 364 jaciendis
457 311 618 350 Datariae
633 313 838 362 Apostolicae
853 342 865 359 ‚
882 326 922 353 ut
931 326 998 364 per
1011 314 1184 350 Romanos
1205 302 1401 349 ‘Pontifices
1416 302 1457 339 in
1465 303 1594 349 provi-

264 364 420 411 fionibus
447 365 572 402 haberi
597 367 718 403 valeat
747 367 915 417 respeftus
940 369 987 404 ad
997 366 1159 413 servitia
1186 357 1346 410 pwaestita
1376 357 1416 392 57²
1441 364 1515 392 tam
1533 353 1593 400 Pio

279 427 382 466 opere
395 446 404 455 .

383 471 518 506 Itidem
530 472 715 508 Sanffitas
729 474 822 518 Sua,
838 475 950 521 quoad
962 469 1140 510 Tribunal
1149 467 1250 505 A.C.
1265 461 1468 503 mandavit,
1484 457 1601 494 invio-

276 522 440 558 labiliter
459 523 610 570 servari
639 525 926 570 refhrmationem
945 524 1054 562 Pauli
1076 523 1183 569 Papae
1198 521 1252 556 V.
1278 519 1318 553 in
1343 511 1601 559 Constitutione

277 575 451 621 incipien.
470 575 645 612 Umverfi
662 577 742 624 agri
758 581 881 623 520„
891 578 1077 619 videlicet,
1093 584 1133 610 ut
1141 569 1360 620 pauperibus
1373 567 1504 600 dentur
1510 574 1601 608 gra-

280 627 331 661 tis
346 628 525 663 extraf‘t'us
542 654 553 671 ‚
566 627 712 676 registra
730 656 741 673 ‚
762 631 1008 679 &ish-amenta,
1023 630 1133 665 etiam
1140 623 1284 673 publica
1297 646 1308 664 ‚
1326 619 1427 665 copiae
1440 641 1451 659 ‚
1469 613 1507 653 ὃ
1526 613 1602 648 aliae

277 689 500 726 quaecumque
526 681 766 726 expeditiones
780 708 792 726 ‚
815 681 1050 731 &scriptum
1065 691 1139 716 tam
1153 674 1293 714 Civiles
1308 698 1321 718 ‚
1345 670 1448 719 quam
1464 666 1603 703 Crimi-

276 731 374 766 nales
394 757 405 774 ‚
435 730 473 770 θ’
499 731 724 780 ostendantur
751 735 861 771 etiam
886 734 1075 782 originalia
1098 732 1308 776 Pauper-um
1322 722 1509 761 Advocato
1524 744 1536 762 ‚
1563 715 1601 755 ὅ]

279 783 515 819 Procuratori
527 781 700 827 fimiliter
719 788 840 831 gratis
855 813 866 830 ,
894 787 931 827 ἐς
944 787 1069 834 alffque
1090 783 1164 819 ulla
1184 777 1337 824 impensa
1355 786 1364 811 ε
1391 773 1442 808 Et
1446 771 1481 818 st
1490 780 1603 818 quan-

276 834 319 868 do
347 835 554 879 contigerit,
563 836 782 881 probandam
799 841 864 884 este
876 846 1126 884 paupertatem
1139 861 1150 878 ‚
1167 831 1268 878 testes
1272 825 1444 877 fimiliter
1455 822 1575 867 gratis
1591 846 1603 862 ‚

279 883 319 923 ἐς
329 884 527 931 summarie*
540 887 792 921 examinentur
805 914 817 931 ‚
845 888 884 927 ζῇ·
899 891 942 924 de
952 895 1167 936 paupertate
1185 882 1304 929 stetur
1320 874 1474 913 arbitrio
1490 872 1603 920 Judi..

277 937 328 971 cis
347 949 362 976 ,-
389 937 509 972 addito
528 945 596 983 per
608 938 852 975 Sanft'itatem
863 942 1001 985 Suam,
1026 938 1116 986 quod
1137 936 1177 971 in
1194 933 1272 979 cafic
1288 926 1518 977 gravaminis
1529 924 1604 971 Ju-

277 989 369 1022 dicis
382 1014 394 1032 ‚
423 989 538 1036 quoad
547 997 800 1035 paupertatem
825 1004 892 1028 non
909 992 1091 1037 admislam
1106 1014 1117 1032 ‚
1147 986 1287 1023 recurri
1312 980 1434 1018 valeat
1458 977 1503 1011 ad
1517 975 1604 1012 Au-

278 1040 430 1074 ditorem
452 1049 517 1086 pro
545 1049 701 1086 tempore
728 1042 875 1077 Summi
901 1034 1090 1085 Pontiflcis
1114 1064 1125 1081 ,
1151 1039 1215 1084 qui
1241 1035 1362 1069 debita
1389 1029 1605 1065 charitate-,-

268 1091 417 1139 servari
440 1091 563 1136 faciat
576 1117 587 1134 ‚
617 1092 709 1138 qnod
737 1104 873 1138 aequum
898 1094 971 1128 erit
1007 1106 1021 1132 ,-
1045 1089 1285 1139 praedifiaque
1312 1082 1428 1119 onmia
1458 1079 1606 1115 mandat

280 1142 518 1190 Sanfi'tffimus
532 1142 684 1187 servari
705 1145 744 1178 in
768 1144 1036 1192 quibuscumque
1052 1142 1177 1179 Curiis
1191 1138 1299 1176 vrbis
1314 1131 1578 1171 inviolabiliter
1592 1156 1602 1166 .

386 1194 485 1244 Qu
499 1195 538 1229 in
553 1194 671 1240 Causis
687 1193 788 1238 infra
800 1194 977 1240 summam
981 1196 1165 1242 scutorum
1182 1188 1446 1239 quinquaginta
1461 1192 1605 1218 monetae

279 1246 446 1283 Romanu
464 1270 475 1286 ‚
489 1246 528 1280 in
540 1244 663 1291 quibus
679 1246 699 1279 ὰ
714 1244 912 1292 Jadicibus
933 1247 975 1281 de
996 1244 1164 1293 partibus
1178 1239 1381 1289 appellatur
1395 1236 1441 1270 ad
1457 1235 1603 1276 vrbem,

272 1299 386 1345 juxta
402 1296 533 1343 stylum
548 1321 559 1339 ‚
588 1294 626 1334 ἐς
639 1295 858 1342 Apostolicas
888 1297 1150 1332 Ordinationes
1179 1305 1247 1328 non
1262 1290 1367 1325 dehet
1390 1289 1429 1321 in
1455 1286 1605 1322 Curia...

274 1349 419 1398 procedi
443 1350 480 1384 in
505 1347 623 1393 gradu
638 1346 888 1393 appellationis
906 1347 989 1394 ‚sed
1002 1357 1068 1395 per
1083 1347 1179 1382 viam
1195 1341 1366 1387 recursus,
1383 1339 1606 1384 deputantur

280 1401 432 1449 Judices
448 1401 487 1434 in
498 1398 665 1446 partibus
684 1411 696 1437 ‚¹
721 1409 798 1434 cum
812 1411 857 1434 ex
867 1402 1020 1446 penuria
1037 1406 1231 1443 temporum
1254 1392 1428 1430 videatur
1443 1398 1603 1433 gravans

281 1451 540 1499 appellantibus
565 1451 605 1485 in
618 1449 750 1496 Causis‚
766 1451 876 1486 etiam
897 1450 996 1486 ultra
1009 1449 1135 1485 difflant
1140 1446 1316 1493 summam
1316 1443 1501 1490 scutorum
1517 1451 1577 1481 50.
1593 1464 1606 1483 ,

281 1503 416 1550 Causas
434 1503 600 1550 prcyequi
627 1501 902 1548 appellationum
936 1504 973 1537 in
1004 1500 1118 1539 Curia
1140 1512 1155 1538 5
1184 1499 1265 1534 Ideo
1289 1493 1474 1531 Sanffitaf
1492 1492 1608 1527 Sua-³

281 1555 450 1591 extendit
466 1553 596 1589 diffam
599 1552 774 1600 summam
793 1554 979 1600 scutorum
993 1551 1255 1601 qninquaginta
1269 1556 1413 1583 monetae
1435 1542 1540 1590 tffque
1563 1542 1611 1576 ad

283 1616 423 1643 centum
456 1605 609 1653 ejusdem
628 1615 773 1641 monetae
800 1606 965 1642 Romanae
980 1631 991 1649 ,
1017 1605 1115 1639 itaut
1134 1598 1320 1647 fisumma
1335 1595 1455 1641 Causae
1477 1606 1544 1631 non
1557 1593 1607 1640 fit

284 1659 381 1696 ultra
408 1658 649 1706 quantitatem
661 1655 847 1702 scutorum
861 1667 1000 1693 centum
1015 1682 1027 1701 ‚
1048 1653 1206 1701 utsupra
1221 1677 1233 1696 ,
1259 1649 1373 1696 Causa
1384 1658 1451 1683 non
1466 1647 1608 1681 dicatur

286 1709 435 1746 curialis
450 1735 462 1752 ‚
494 1707 532 1748 ᾤ’
547 1707 766 1756 appellabilis
786 1717 854 1755 per
877 1710 975 1745 viam
999 1704 1246 1755 appellationis
1266 1729 1278 1747 ‚
1289 1701 1359 1748 fed
1381 1699 1523 1735 tantum
1545 1698 1608 1732 de-

281 1763 461 1810 putandos
473 1763 539 1808 esse
549 1761 701 1809 ‘Judices
717 1762 755 1795 in
766 1761 934 1804 partibus
950 1785 962 1803 ,
992 1760 1053 1805 qui
1072 1757 1266 1803 procedant
1288 1762 1356 1798 per
1371 1752 1470 1786 viam
1484 1761 1609 1785 recur-

274 1814 343 1862 sus
360 1840 372 1858 ‚
397 1823 542 1860 quorum
555 1812 736 1858 deputatio
748 1808 841 1855 fieri
863 1811 988 1847 debeat
1008 1818 1074 1858 per
1089 1805 1297 1845 Tribunalia
1310 1802 1443 1846 vrbis,
1470 1802 1518 1836 ad
1533 1811 1607 1848 qnae

287 1875 451 1915 pertinet
473 1892 483 1901 .

393 1917 551 1954 Mandat
564 1915 684 1963 rursus
697 1915 882 1963 Sanflitas
895 1916 974 1955 Sua
986 1943 998 1962 ‚
1015 1925 1056 1953 ut
1074 1914 1115 1951 in
1134 1911 1254 1961 Caufis
1275 1908 1473 1947 mercedum
1496 1903 1607 1951 mise·-

287 1969 458 2007 rabilium
470 1967 698 2016 personarum
713 1994 724 2013 ‚
742 1969 898 2017 recursus
912 1995 924 2014 ‚
945 1969 983 2009 &¹
998 1967 1249 2016 appellationes
1263 1961 1450 2010 respeffive
1463 1968 1529 1993 non
1544 1957 1608 1990 ad-

287 2023 487 2059 mittantur
504 2023 525 2056 ὰ
548 2031 757 2069 quocumque
767 2021 900 2070 Jadice
924 2020 1199 2069 appellationum
1216 2042 1228 2060 ‚
1255 2014 1322 2062 nist
1343 2011 1382 2049 in
1408 2009 1609 2047 devolutivo

283 2084 353 2123 pro
371 2083 451 2109 rata
470 2073 649 2120 scutorum
664 2075 923 2121 quinquaginta
940 2080 1082 2109 monetae
1101 2072 1267 2109 Romame
1281 2091 1293 2111 ‚
1319 2064 1357 2104 ἐς
1373 2061 1471 2099 ultra
1485 2060 1611 2096 ditium

279 2127 458 2174 summam
491 2125 640 2161 admitti
668 2125 816 2162 debeant
838 2128 875 2162 in
891 2121 1091 2174 suspenstvo
1109 2149 1121 2167 ‚
1150 2120 1212 2158 vel
1238 2117 1441 2155 devolutivo
1466 2139 1479 2158 ³
1501 2120 1611 2160 prout

283 2179 385 2226 juris
415 2177 483 2226 est,
502 2175 624 2222 firmis
650 2187 767 2214 tamen
795 2176 1057 2215 remanentibus
1072 2172 1280 2222 Apostolicis
1305 2165 1610 2206 ordinationibus,

282 2229 387 2278 stylis
402 2255 414 2274 ‚
431 2228 683 2277 &privilegiis
698 2255 710 2274 ,
727 2241 801 2277 quae
807 2229 926 2277 forsan
946 2228 1134 2277 existerent
1151 2228 1188 2262 in
1206 2221 1460 2260 Tribunalibus
1472 2217 1581 2254 vrbis
1597 2239 1610 2259 ,

295 2281 334 2321 &5
348 2281 524 2330 ‘bstriffm
539 2281 691 2328 ejusdem
704 2307 714 2324 ³
741 2283 780 2318 in
794 2284 918 2330 quibus
945 2281 1038 2318 nihil
1046 2278 1213 2316 innovari
1227 2275 1386 2312 intendit
1405 2299 1414 2308 .
1582 2318 1588 2324 ι

395 2334 548 2370 Demum
557 2334 604 2368 ad
616 2333 883 2379 conservandam
900 2334 1055 2369 debitam
1079 2329 1318 2367 reverentiam
1331 2318 1537 2365 Pontificali
1550 2319 1610 2354 di-

293 2387 435 2433 gnitati
447 2411 460 2432 2
488 2385 701 2424 Alexander
715 2388 813 2436 Papa
826 2388 901 2425 IV.
915 2384 1139 2424 Decretalem
1154 2383 1265 2420 edidit
1276 2406 1289 2427 ‚
1318 2377 1467 2417 relatam
1481 2376 1520 2409 in
1535 2379 1609 2416 cap.

1512 2420 1616 2471 Qia
