2043 2958
588 254 647 283 An
675 236 958 288 CoNcuiiiJM
981 238 1237 289 ROMANUM
1257 274 1269 286 .
1485 257 1581 300 233

262 329 290 349 ‚,
318 303 396 342 bris
424 303 517 344 anni
536 318 650 353 1703·
683 308 855 358 Episcopi
884 309 975 350 dent
994 321 1182 360 operam,
1210 317 1251 348 ut
1276 309 1409 347 omnia
1438 307 1592 348 ibidem

263 381 291 401 ‚,
320 358 460 396 statuta
476 385 487 402 ,
511 358 632 397 etiam
648 360 687 397 in
705 360 847 410 Regnis
864 361 1138 410 Hispaniarum
1155 362 1353 400 serventur
1370 389 1381 406 ‚
1405 362 1591 411 idemque

261 435 288 453 ‚,
316 408 530 447 Decretum
546 411 584 446 in
600 411 670 450 suis
685 412 891 461 respective
911 413 1167 457 Dioecefibus‚
1182 422 1221 451 ut
1240 413 1389 451 facilius
1405 413 1591 453 omnibus

261 486 289 506 „
318 460 532 499 innotescat
549 489 560 505 ,
592 464 776 511 publicari
805 463 977 504 faciants
1004 464 1138 503 addita
1152 466 1271 503 etiam
1293 463 1560 514 prohibitione
1578 492 1590 511 ,

260 539 289 559 2,
320 523 365 548 ne
389 514 427 550 in
457 514 616 562 privatis
633 514 880 565 Regularium
909 514 1059 560 Cellis‚
1086 517 1165 556 sive
1187 516 1388 555 Cubiculis
1416 517 1591 566 erigatur

264 592 291 610 ‚,
321 564 460 602 Altare
475 576 542 614 pro
553 577 594 602 re
611 566 724 605 Sacra
738 566 884 606 ibidem
900 567 1075 605 facienda
1092 595 1103 613 ‚
1123 567 1161 605 ὃς
1175 577 1311 606 contra
1325 568 1591 617 quoscumque

267 643 294 661 ‚,
323 617 665 655 contravenientes
693 618 858 657 censuris
885 619 1008 657 etiam
1041 619 1310 658 Ecclesiasticis
1347 620 1558 669 procedant
1577 647 1591 665 ‚

268 694 294 713 2,
325 668 513 712 adhibita,
529 669 653 717 quoad
668 669 890 720 Regulai¹eS‚
906 671 1135 710 auctoritate
1147 672 1253 710 Sedis
1267 671 1495 720 Apostolicae
1510 698 1522 716 ‚
1549 672 1590 713 in

266 745 294 765 ‚‚
323 729 546 759 memorato
565 721 738 760 Decrcto
763 723 848 772 ipfis
870 722 1051 772 delegata
1071 750 1083 769 ‚
1108 733 1335 771 remotaque
1352 733 1592 773 quacumque

265 797 292 816 a·
320 770 514 811 contraria
541 772 843 818 consuetudine,
871 774 993 812 etiam
1024 774 1334 813 immemorabili
1353 803 1361 815 .
1405 776 1593 813 Declara—

264 849 291 867 ‚.,
322 834 405 861 mus
430 831 562 860 tamen
578 850 588 866 ,
617 825 720 871 quod
740 837 827 864 cum
844 824 882 863 in
899 825 1257 874 praedifioDecreto
1277 827 1487 872 statuatur,
1514 837 1592 866 non

264 899 295 920 ‚‚
323 876 438 911 licere
454 874 644 923 Episcopis
669 884 777 912 extra
795 876 969 913 Domum
995 878 1154 925 propriae
1169 877 1425 916 habitationis
1450 875 1491 914 in
1509 877 1594 915 Do-

262 952 288 971 „
319 923 447 964 mibus
476 925 602 962 Laicis
630 927 779 974 erigere
803 926 947 966 Altare
961 953 972 971 ‚
1007 926 1136 976 ibique
1166 927 1448 971 sacrosanctum
1464 927 1593 968 Missae

263 1003 291 1023 ‚,
321 975 549 1015 sacrificium
563 978 759 1016 celebrare
773 1004 784 1022 ‚
802 978 878 1016 sive
892 978 1074 1017 celebrari
1088 980 1215 1024 facere
1234 1006 1246 1024 ‚
1275 979 1489 1025 hujusmodi
1505 992 1592 1029 pro-

263 1054 292 1075 „
321 1029 461 1066 hibitio
490 1027 746 1077 intelligenda
777 1040 853 1070 non
879 1029 921 1065 fit
946 1028 994 1067 de
1010 1031 1204 1068 Dom'ibus
1228 1031 1344 1068 etiam
1365 1031 1491 1069 Laicis
1512 1059 1523 1076 ‚
1554 1032 1594 1071 in

264 1105 293 1125 ‚,
322 1080 457 1129 quibus
474 1078 538 1127 ipsi
553 1078 725 1128 Episcopi
740 1079 841 1117 forte
856 1081 1058 1119 occasione
1076 1081 1336 1126 visitationis,
1350 1083 1411 1120 vel
1432 1082 1593 1127 itineris,

268 1157 296 1177 9,
326 1130 490 1180 hospitio
507 1131 743 1180 excipiantur
759 1159 770 1177 ‚
797 1139 838 1169 ut
854 1143 923 1168 nec
945 1132 1065 1170 etiam
1086 1133 1240 1180 quando
1255 1131 1429 1182 Episcopi
1446 1135 1483 1171 in
1501 1136 1594 1175 cafi-

268 1209 295 1228 ‚,
325 1184 434 1227 bus,a
455 1183 534 1226 jure
549 1181 746 1229 permistis,
762 1183 823 1221 vel
839 1182 886 1219 de
899 1182 1052 1231 speciali
1068 1184 1173 1222 Sedis
1191 1185 1418 1233 Apostolicae
1433 1187 1594 1227 licentia

269 1260 297 1279 ,‚
327 1233 498 1271 absentes
524 1234 543 1273 ’ὰ
561 1233 692 1271 Domo
711 1234 868 1283 propriae
884 1233 1085 1274 ordinariae
1101 1235 1357 1273 habitationis
1373 1263 1385 1281 ‚
1414 1249 1594 1276 morium,

267 1311 296 1330 ‚‚
326 1285 469 1324 idcirco
498 1283 642 1324 faciant
668 1288 706 1323 in
724 1285 848 1323 aliena
865 1286 997 1323 Domo
1022 1298 1088 1335 pei·
1114 1286 1274 1323 modum
1292 1288 1423 1326 similis
1440 1289 1596 1330 habita·

269 1363 298 1382 ,‚
327 1337 468 1376 tionis:
498 1336 557 1374 his
573 1337 676 1375 enim
691 1335 834 1376 casibus
849 1337 956 1375 licita
980 1336 1026 1377 iis
1042 1335 1116 1376 erit
1136 1338 1278 1376 erectio
1295 1339 1446 1377 Altaris
1466 1340 1512 1378 ad
1533 1340 1594 1378 ef-

271 1415 299 1434 „
326 1390 471 1427 fectum
489 1389 670 1436 praedidtae
683 1390 956 1429 celebrationis
971 1417 983 1436 ,
1009 1401 1086 1429 non
1100 1389 1204 1431 secus
1217 1417 1230 1438 ,
1247 1402 1289 1429 ac
1306 1391 1343 1430 in
1359 1391 1490 1430 Domo
1504 1405 1594 1442 pro-

270 1466 298 1485 „
328 1441 416 1491 priae
433 1438 639 1479 ordinariae
656 1440 911 1481 habitationis
928 1470 938 1483 .

333 1506 376 1536 23
435 1517 463 1536 ‚‚
492 1491 731 1541 Praecipimus
759 1506 907 1543 quoque
923 1496 1102 1536 accurate
1117 1495 1294 1541 attendi,
1321 1508 1365 1534 ac
1382 1495 1591 1545 adimpleri

271 1570 297 1588 ‚,
327 1555 574 1593 quoecumque
593 1544 667 1582 alia
683 1545 1026 1593 praescribunturi'n
1043 1548 1207 1592 ejusdem
1225 1546 1426 1586 Generalis
1441 1548 1591 1597 Synodi

270 1621 298 1640 ‚‚
328 1596 486 1634 sessione
509 1609 568 1639 25.
584 1595 630 1633 de
646 1596 908 1644 Regula'ribus,
923 1599 961 1637 ὅ(
975 1599 1214 1637 Mouialibus
1229 1627 1238 1635 .
1264 1600 1441 1649 Cumque
1458 1600 1494 1637 in
1512 1613 1592 1650 cap.

267 1672 296 1692 ‚,
326 1661 385 1691 25·
404 1645 633 1696 amplissime
651 1648 855 1698 derogetur
872 1649 1050 1688 omuibus
1068 1650 1271 1688 contrariis
1288 1651 1593 1702 Pi·ivilegiis‚sub

269 1724 305 1743 „
326 1698 621 1749 quibuscumque
648 1699 825 1740 formulis
839 1702 1046 1739 verborum
1065 1703 1263 1750 conceptis
1279 1730 1290 1747 ‚
1318 1714 1362 1740 ac
1378 1703 1491 1741 Mare
1509 1716 1596 1742 rna-

269 1776 297 1795 „
355 1763 446 1789 num
468 1751 667 1800 appellatis
684 1778 695 1796 ,
719 1753 841 1790 etiam
869 1752 908 1790 in
929 1753 1162 1792 fundatione
1179 1751 1377 1799 obtentis,
1410 1767 1595 1794 necnon)

269 1829 296 1846 „
325 1763 689 1846 {Ioustitutionibuffi
708 1803 746 1841 δε
761 1803 914 1853 Regulis
928 1804 1048 1842 etiam
1061 1805 1212 1850 juratis,
1229 1812 1345 1853 atque
1363 1805 1484 1843 etiam
1501 1819 1596 1844 con-

269 1880 295 1898 ‚,
325 1853 586 1892 suetiidinibus
602 1881 613 1897 ‚
637 1854 698 1891 vel
724 1854 1068 1902 prcescriptionibus
1083 1885 1095 1900 ‚
1121 1856 1240 1894 etiam
1259 1856 1594 1897 immemorabili-

269 1932 295 1950 ,‚
323 1905 392 1943 bus
407 1919 421 1945 ‚⁶
450 1903 569 1944 sciant
586 1917 722 1943 omnes
738 1904 1033 1953 derogationem
1054 1907 1270 1953 hujusmodi
1287 1919 1367 1945 non
1386 1909 1433 1946 ad
1446 1921 1489 1946 ea
1504 1919 1595 1947 tan-

269 1984 295 2001 „
325 1960 410 1994 tum
429 1956 587 2001 referri,
601 1969 681 2006 quae
694 1957 732 1994 in
751 1957 930 2004 praedifto
944 1957 1083 2006 Capite
1099 1960 1350 1998 continentur
1367 1986 1378 2004 ‚
1392 1959 1453 1998 sed
1474 1961 1596 1998 etiam

270 2035 295 2053 ,‚
325 2008 371 2046 ad
389 2008 465 2046 alia
481 2035 492 2053 ,
508 2022 588 2059 quae
603 2009 642 2046 in
658 2008 815 2059 fingulis
832 2008 1087 2058 superioribus
1100 2009 1304 2060 Capitibus
1330 2011 1500 2056 ejusdem
1525 2012 1595 2049 ses-

269 2087 297 2106 „
327 2058 442 2098 sionis
463 2061 668 2099 constituta
687 2061 771 2098 sunt
787 2088 797 2098 .

329 2124 378 2159 24
430 2139 457 2157 ‚,
487 2112 553 2151 Ad
577 2114 655 2150 haec
672 2139 682 2157 ‚
706 2119 746 2149 ut
764 2113 866 2150 rec‘ta
890 2112 928 2150 in
943 2113 1094 2157 judiciis
1109 2114 1211 2151 ratio
1228 2114 1398 2153 servetur
1419 2142 1430 2160 ,
1457 2114 1591 2165 praeci-

272 2190 297 2208 ‚‚
327 2162 467 2213 pimus,
480 2163 584 2213 quod
602 2165 664 2202 ubi
681 2164 718 2200 in
733 2163 865 2202 Causis
881 2163 1161 2203 Criminalibus
1177 2165 1384 2205 Ordinarii
1402 2167 1596 2206 Locorum

271 2241 298 2261 2,
327 2216 364 2253 in
382 2215 522 2265 Regnis
535 2215 806 2265 Hispaniarum
836 2214 1079 2263 procefl'erint
1094 2229 1139 2255 ex
1153 2216 1284 2256 officio
1299 2245 1310 2263 ‚
1339 2221 1412 2256 hoc
1427 2221 1476 2256 est
1494 2247 1504 2264 ,
1520 2231 1597 2257 non

273 2294 300 2312 „
328 2267 374 2305 ad
392 2266 506 2305 ullius
532 2268 755 2317 querelam,
781 2268 859 2305 five
887 2267 1203 2314 accusationem,
1232 2269 1259 2307 fi
1289 2269 1337 2307 ab
1368 2269 1597 2308 eorumdem

278 2346 304 2365 „
331 2318 632 2358 Ordinariomm
646 2319 847 2358 sententiis
862 2320 1087 2369 appellatio,
1104 2322 1166 2358 vel
1181 2320 1228 2358 ad
1243 2320 1348 2359 Sedis
1361 2321 1594 2370 Apostolicae

278 2398 304 2417 ‚,
331 2371 522 2410 Nuntium
538 2400 550 2417 ‚
577 2373 642 2411 vel
666 2371 715 2411 ad
739 2371 1065 2420 Meti-opoiitanos
1088 2370 1313 2422 interposita
1327 2373 1444 2413 fuerit
1459 2388 1473 2417 ,-
1502 2382 1592 2413 tunc

1044 2424 1078 2462 G
1093 2435 1117 2475 g
1510 2428 1523 2470 (
1542 2436 1588 2464 iie
