2043 2958
627 250 689 278 AD
712 231 997 284 CONCiLmM
1015 230 1275 283 RoMANuM
1294 263 1305 274 .
1529 229 1628 287 269

317 302 592 343 consuetudine
619 304 748 353 aliqua
771 305 1008 350 resultante,
1037 312 1101 343 aut
1117 309 1361 352 quocumque
1382 296 1461 336 alio
1476 298 1607 336 colore
1623 323 1635 341 ‚

317 365 502 408 praetextu
518 385 529 402 ‚
558 367 708 396 ratione
723 386 735 405 ‚
759 359 821 397 vel
835 359 944 398 causa
960 386 972 405 ‚
999 360 1118 397 etiam
1138 359 1175 394 in
1191 364 1353 403 corpore
1375 353 1468 398 juris
1483 349 1609 389 clausa
1625 376 1636 393 ‚

319 407 571 458 quantumvis
585 411 679 455 justa
695 438 707 457 ,
722 412 969 457 rationabili,
981 412 1019 451 ὃ(
1035 409 1283 460 privilegiata
1299 433 1311 451 ‚
1325 407 1444 443 etiam
1458 404 1544 449 tali,
1559 413 1639 452 quae

316 462 366 500 ad
393 460 571 500 effectum
599 461 818 502 validitatis
848 462 1120 513 praemifforum
1137 459 1345 499 neceffario
1358 456 1641 507 exprimenda-0

317 514 420 552 foret
440 542 451 560 ,
477 524 543 553 aut
555 516 658 564 quod
674 517 722 554 de
738 520 941 554 voluntate
954 515 1091 553 Nostra
1105 511 1336 559 hujusmodi,
1351 520 1415 548 aut
1432 510 1516 548 aliis
1532 510 1639 564 [upe-o

316 567 394 604 rius
409 564 600 615 expoeffis,
617 568 750 606 relatis
765 570 803 606 in
823 569 946 606 literis
961 567 1055 606 alibi
1070 573 1288 616 appareret,
1300 563 1361 600 seu
1376 563 1471 601 alias
1486 561 1639 611 probari

317 619 437 667 pofl'et
453 646 464 663 ‚
479 628 631 664 notari,
659 619 905 669 impugnari,
921 620 1153 664 invalidari,
1178 615 1402 661 retraetari,
1424 617 1557 670 injus,
1575 610 1640 651 vel

319 671 627 709 controversiam
655 673 861 717 revocari,
888 682 956 711 aut
984 672 1034 710 ad
1055 671 1244 711 terminos
1266 669 1359 714 juris
1391 666 1522 705 reduci
1536 693 1548 711 ‚
1576 662 1641 704 vel

318 722 504 760 adversus
527 724 613 762 illas
642 725 892 763 restitutionis
907 725 944 762 in
960 725 1155 774 integrum
1173 749 1186 768 ,
1206 721 1432 771 aperitionis
1445 720 1523 756 oris
1536 744 1551 764 2
1579 727 1641 754 se·

318 773 513 829 ductionis
540 775 589 813 ad
603 775 711 815 viam
726 805 738 822 ,
768 776 807 815 δε
823 777 1012 815 terminos
1023 774 1118 822 juris
1133 802 1145 821 ‚
1169 783 1235 813 aut
1251 773 1356 811 aliud
1370 771 1640 820 quodcumque

314 824 412 869 juris
428 852 439 870 ,
455 824 547 864 facti
563 853 575 871 ‚
590 829 721 876 gratia>
735 856 747 874 ,
760 831 822 866 vel
839 828 985 873 justitiae
1003 827 1222 866 remedium
1239 823 1456 874 impetrari,
1469 822 1531 878 seu
1546 831 1643 874 quq-

317 876 539 913 niodolibet
556 879 731 916 concess'o
746 906 757 922 ‚
773 887 840 915 aut
853 879 1086 926 impetrato,
1107 881 1188 922 uti,
1211 878 1272 914 seu
1288 878 1468 920 sejuvare
1482 885 1520 910 in
1536 870 1643 927 judi-

316 928 380 964 cio
394 954 405 972 ‚
431 928 495 965 vel
510 935 616 965 extra
641 927 739 978 posl'e
757 944 770 969 ,-
795 941 916 979 neque
927 928 1024 978 ipsas
1040 930 1237 978 praesentes
1251 927 1316 965 sub
1330 925 1523 976 quibusvis
1538 923 1646 979 simi-

317 979 416 1016 lium
431 1005 443 1022 ,
461 979 522 1017 vel
536 978 777 1018 dissimilium
793 983 1010 1030 gratiarum
1027 980 1339 1019 revocationibus
1353 1006 1364 1023 ,
1393 977 1645 1025 suspensioni·-

318 1030 389 1068 bus
400 1056 412 1074 ‚
441 1031 480 1069 &c
506 1029 812 1070 limitationibus
827 1058 839 1076 ,
855 1044 924 1081 pro
937 1039 1111 1079 tempore
1128 1030 1424 1079 quomodolibet
1438 1025 1643 1071 faciendis,

319 1080 624 1131 comprehendi,
652 1083 713 1120 sed
737 1082 884 1133 semper
901 1083 948 1121 ab
967 1083 1042 1121 illis
1057 1092 1234 1132 exceptas
1247 1110 1258 1127 ‚
1283 1093 1327 1119 ac
1344 1079 1528 1131 perpetuo
1544 1077 1643 1118 vali-

320 1133 388 1171 das
402 1160 414 1178 ‚
444 1132 576 1171 firmas
589 1161 600 1178 ‚
619 1135 656 1173 &
669 1133 847 1173 efficaces
863 1134 1021 1174 existere
1036 1162 1047 1179 ‚
1074 1136 1112 1174 &
1126 1134 1210 1173 fore
1224 1161 1236 1179 ,
1251 1135 1406 1183 suosque
1421 1130 1617 1182 plenarios
1628 1155 1642 1174 ‚

319 1185 357 1224 ὅ(
380 1188 548 1235 ‘integros
570 1183 726 1225 effeetus
744 1187 895 1232 sortiri,
913 1185 950 1223 ὃς
964 1186 1142 1226 obtinere
1156 1214 1168 1230 ,
1189 1198 1234 1225 ac
1249 1199 1314 1235 per
1329 1195 1465 1223 omnes
1484 1210 1496 1228 ,
1511 1181 1548 1219 ὃ(
1563 1182 1644 1220 fin-

297 1256 303 1260 1
319 1238 433 1288 gulos
449 1264 460 1281 ‚
475 1237 522 1274 ad
534 1249 627 1285 quos
642 1238 781 1287 spectat
799 1266 811 1284 ‚
837 1240 875 1279 δε
900 1239 1193 1287 quomodolibet
1215 1237 1396 1287 spe&abit
1420 1234 1642 1273 infuturum

321 1288 606 1328 inviolabiliter
634 1291 858 1330 observari,-
888 1292 1012 1338 sicque
1030 1317 1041 1334 ,
1066 1291 1101 1328 δι’.
1129 1303 1205 1328 non
1233 1290 1376 1334 aliter,
1393 1287 1430 1326 in
1448 1284 1643 1336 praemifiis

321 1338 504 1378 omnibus
519 1368 532 1385 ,
557 1341 595 1380 &
617 1341 770 1391 singulis
800 1354 864 1392 per
876 1339 1297 1391 quoicumoueJudices
1309 1368 1320 1386 ‚
1346 1341 1466 1378 etiam
1484 1338 1519 1376 S.
1533 1337 1579 1375 R.
1596 1336 1638 1374 E.

321 1392 578 1438 cardinales,
610 1393 732 1432 etiam
764 1392 813 1431 de
829 1393 969 1432 Latere
985 1393 1154 1434 Legatos
1171 1422 1182 1437 ‚
1208 1394 1247 1432 &
1275 1392 1381 1431 Sedis
1406 1390 1640 1440 Apostolicae

319 1443 499 1484 Nuncios
516 1472 527 1489 ,
554 1445 592 1483 Sc
606 1445 702 1483 alios
717 1473 728 1489 ‚
741 1445 877 1493 quavis
890 1445 1124 1483 auctoritate
1135 1472 1147 1489 ‚
1162 1444 1201 1482 ὅ(
1216 1445 1400 1492 potestate
1416 1442 1640 1490 fungentes,

321 1497 361 1535 in
376 1497 513 1546 quavis
526 1496 637 1534 causa
652 1524 662 1540 ‚
677 1496 914 1535 &instantia
930 1524 940 1540 ‚
958 1497 1105 1535 sublata
1126 1498 1180 1535 eis
1195 1524 1207 1540 ‚
1225 1497 1263 1535 δι
1276 1508 1410 1534 eorum
1424 1494 1584 1532 cuilibet
1599 1493 1640 1530 in

321 1559 566 1598 quocumque
580 1548 752 1593 judicio,
775 1549 813 1588 &
829 1550 865 1586 in
885 1549 1018 1596 quavis
1033 1548 1216 1587 instantia
1230 1545 1549 1593 aliierjndicandi
1566 1572 1576 1589 ‚
1600 1545 1641 1583 Sc

322 1600 607 1649 interpretandi
634 1600 823 1639 facultate
838 1628 849 1645 ‚
879 1601 914 1640 3<
942 1601 1198 1645 auctoritate,
1217 1600 1403 1645 judicari,
1427 1599 1465 1638 ὃ(
1481 1593 1639 1635 definiri

321 1652 463 1690 debere
479 1679 490 1696 ‚
512 1662 557 1689 ac
578 1650 765 1699 quidquid
784 1652 887 1690 secus
906 1653 1011 1702 super
1025 1656 1080 1691 his
1098 1654 1118 1691 a
1133 1664 1328 1701 quoquam
1351 1651 1485 1700 quavis
1506 1650 1641 1687 aueto-

322 1705 436 1742 ritate
454 1703 618 1741 scienter
632 1731 643 1748 ,
656 1706 717 1742 vel
735 1704 961 1743 ignoranter
974 1706 1185 1757 contigerit
1202 1704 1402 1748 attentari,
1417 1702 1588 1743 irritum,
1601 1700 1640 1739 &

326 1757 441 1794 inane
452 1755 696 1793 decernimus
712 1783 722 1793 .
752 1756 843 1794 Non
860 1753 1098 1794 obstantibus
1117 1784 1127 1798 ,
1154 1764 1342 1805 quatenus
1358 1767 1453 1802 opus
1470 1756 1541 1797 fit,
1554 1751 1640 1791 No-

322 1809 395 1846 stra
409 1835 420 1852 ‚
449 1809 487 1846 &
512 1806 761 1845 Cancellariae
792 1808 1018 1856 Apostolicae
1048 1810 1178 1848 regula
1206 1807 1253 1846 de
1274 1809 1353 1850 jure
1377 1806 1530 1856 quaesito
1559 1817 1637 1843 non

323 1858 526 1903 tollendo,
557 1870 707 1897 necnon
739 1860 856 1896 etiam
888 1859 925 1896 in
951 1859 1238 1908 Synodalibus,
1262 1858 1574 1901 Universalibus‚
1598 1858 1638 1897 &

326 1908 834 1950 ProvincialibusConciliis
859 1910 999 1956 editis,
1027 1913 1087 1952 vel
1114 1912 1272 1951 edendis
1298 1909 1544 1959 specialibus,
1575 1910 1638 1948 vel

327 1963 570 2012 generalibus
595 1989 608 2007 ‚
644 1963 801 2012 aliisque
829 1963 1183 2004 constitutionibus
1206 1993 1216 2010 ‚
1247 1963 1281 2003 ἃ
1312 1961 1637 2002 Ordinationibus

325 2015 562 2063 Apostolicis
576 2042 587 2059 ‚
614 2013 796 2062 dicffaeque
811 2016 984 2054 Ecclefiae
1003 2016 1281 2056 Beneventame
1302 2016 1460 2053 Statutis
1475 2041 1486 2058 ‚
1515 2016 1639 2052 etiam

322 2069 569 2114 iuramento,
593 2065 890 2106 confirmatione
919 2068 1136 2117 Apostolica
1153 2097 1163 2114 ‚
1189 2069 1251 2106 vel
1272 2065 1639 2110 Quavisfirrnitata,

323 2120 399 2158 alia
414 2120 606 2158 roboratis
619 2146 630 2163 ,
650 2121 861 2171 privilegiis
875 2132 1024 2170 quoque
1041 2150 1051 2166 ‚
1070 2120 1228 2161 indulti<
1244 2148 1256 2165 ‚
1281 2119 1314 2157 ἅ·
1336 2120 1457 2158 literis
1476 2119 1641 2165 Aposto-

323 2170 431 2216 licis,
454 2172 517 2208 i‘ub
530 2171 827 2221 quibuscumque
841 2174 1038 2212 tenoribus
1053 2202 1062 2215 ,
1080 2174 1113 2212 s·
1133 2174 1280 2217 formis,
1296 2173 1412 2210 etiam
1434 2172 1546 2210 Motu
1563 2199 1573 2209 ,
1600 2170 1639 2210 Sc

324 2223 372 2262 de
389 2225 615 2272 Apostolicae
633 2226 830 2273 potestatis
845 2226 1082 2273 plenitudine
1100 2226 1285 2264 fimilibus
1299 2253 1309 2266 ,
1325 2237 1369 2262 ac
1384 2237 1470 2262 cum
1485 2222 1639 2270 quibus-

323 2276 382 2313 vis
397 2287 514 2314 etiam
534 2274 873 2325 derogatoriarum
887 2278 1157 2328 derogatoriis,
1171 2277 1326 2323 aliisque
1341 2275 1526 2315 efficacio:
1539 2275 1635 2320 ibus,

326 2328 365 2366 δὲ
381 2329 540 2366 insolitis
558 2328 730 2365 clausulis
744 2328 997 2367 irritantibus.
1018 2342 1061 2368 ac
1078 2330 1161 2368 alii<
1178 2331 1354 2372 decretis,
1373 2326 1552 2365 couceffis
1566 2353 1576 2370 ‚
1590 2337 1634 2363 ac

328 2381 451 2420 etiam
471 2383 613 2431 pluries
637 2381 882 2432 approbati8‚
907 2383 945 2424 &
962 2383 1184 2430 innovatis,
1208 2381 1342 2434 quibus
1356 2379 1540 2469 omuibus
1557 2405 1568 2419 ‚
1595 2379 1634 2417 &

1519 2441 1633 2483 ingu-

1663 301 1837 330 Decretum
1874 294 1929 325 irr'·

1664 351 1749 376 tans,
1762 340 1792 370 δι
1808 336 1926 370 clausul

1664 382 1790 416 sublata
1801 404 1811 415 .

1669 1789 1841 1820 Decretum
1874 1787 1928 1819 de-

1667 1842 1785 1872 rogans
1801 1853 1809 1861 .
