2043 2958
120 1321 288 1353 Decretum
323 1322 396 1354 irri-

120 1371 190 1394 tans
204 1385 213 1395 .

438 204 534 262 238
905 202 1272 250 Appenoxx

436 283 526 310 cum
542 271 717 310 Domino
733 269 921 323 possumus
936 297 947 316 ‚
960 270 1142 311 Pastorali
1160 269 1297 309 Nostra
1318 279 1420 315 cura,
1436 269 1475 310 &
1491 269 1746 310 sollicitudine

433 324 630 361 consulere
644 323 858 372 cupientes,
880 322 1115 373 praeinsertas
1128 319 1350 361 Innocentii
1365 321 1640 360 Praedecefloris
1657 323 1747 359 lite-

434 387 497 413 ras
514 402 525 421 ‚
546 376 583 415 &
600 386 846 424 quaecumque
863 374 902 412 in
918 387 973 414 eis
986 375 1207 416 constituta,
1222 371 1416 418 ordinata,
1434 374 1592 418 sancita,
1608 374 1744 412 decre-

432 435 471 464 ta
488 453 499 471 ,
514 430 551 465 'ot
566 427 762 465 declarata
777 454 789 473 ‚
803 439 846 467 ac
861 427 955 466 alias
972 426 1266 476 quomodoubet
1285 434 1469 466 contenta
1486 453 1497 471 ,
1512 424 1550 463 St
1565 423 1745 476 exprefl‘a‚

431 478 662 517 auam-itate
677 479 900 528 Apostolica
917 506 928 525 ‚
940 488 1073 519 tenore
1090 478 1343 529 praesentium,
1360 479 1545 528 perpetuo
1559 478 1745 527 approba-

429 541 514 567 mus
527 557 538 576 ,
562 529 890 571 &confirmamus
909 556 921 575 ‚
946 543 991 576 ac
1020 539 1206 581 quatenus
1221 541 1315 579 opus
1329 530 1371 568 1it
1385 557 1396 576 ‚
1423 532 1657 569 innovamus
1674 555 1686 574 ‚
1705 527 1744 566 Sc

429 580 478 617 de
494 593 595 620 novo
612 584 875 621 constituimus
889 611 901 629 ‚
919 583 1144 623 ordinamus
1159 609 1170 627 ,
1187 582 1378 621 sancimus
1394 609 1404 628 ,
1421 582 1663 620 decernimus
1678 608 1689 627 ‚
1705 582 1744 620 δε

429 632 672 673 declaramus
687 661 699 680 ‚
721 633 870 683 illisque
892 635 1133 673 inviolabilis
1149 633 1379 683 Apostolicae
1403 631 1602 672 firmitatis
1628 633 1742 672 robur

429 683 657 729 adjicimuss
687 698 837 725 necnon
852 695 934 725 tam
950 687 1093 725 dilecto
1109 683 1208 725 Filio
1222 685 1364 727 Nostro
1380 712 1391 731 ‚
1407 684 1441 722 ἐ(
1460 685 1569 724 Sedis
1586 687 1745 734 praeiatae

429 735 467 774 in
485 735 624 785 Regnis
639 737 909 788 Hispaniarum
926 738 1081 778 Nuncio
1099 750 1213 784 nunc,
1227 738 1265 779 δὲ
1282 750 1349 788 pro
1362 745 1536 778 temeore
1555 737 1743 782 existenti,

427 790 550 835 quoad
566 799 609 829 ea
624 815 636 833 ‚
664 801 742 838 quae
762 789 811 828 ad
830 791 950 840 ipsum
965 816 975 835 ‚
1000 790 1149 839 ejusque
1161 790 1350 829 Tribunal
1377 799 1570 840 pertinent
1586 816 1598 836 ,
1628 790 1742 838 quain

426 838 720 879 venerabilibus
735 841 932 880 Fratribus
949 870 960 888 ,
978 842 1290 892 Archiepiscopis
1304 868 1316 886 ,
1347 839 1538 890 Episcopis
1553 869 1565 886 ‚
1592 840 1743 884 ceteris-

426 901 499 938 que
524 891 716 930 Locorum
732 893 974 938 Urdinariis,
1004 895 1042 934 &
1063 894 1326 942 Superioribus
1343 918 1354 938 ,
1381 904 1424 930 ac
1451 893 1568 931 etiam
1588 892 1738 931 dilectis

427 942 535 980 Filiis
552 968 562 986 ‚
578 945 727 992 utrique
741 943 860 985 Clero
874 944 1049 984 Saeculari
1060 971 1071 989 ,
1084 945 1121 983 ἃ
1136 945 1317 995 Regulari
1341 945 1567 982 eorumdem
1589 944 1740 991 Regno-

425 1004 509 1030 rum
526 992 704 1039 districte,
726 1007 768 1032 ac
786 996 848 1032 sub
863 995 1184 1034 interminatione
1199 995 1333 1035 Divini
1346 995 1492 1040 judicii,
1508 993 1743 1033 austeritate

424 1043 594 1092 praefata,
610 1048 746 1083 harum
762 1046 855 1083 serie
872 1048 1122 1095 praecipimus,
1139 1046 1176 1086 δέ
1193 1045 1438 1089 mandamus,
1454 1053 1496 1083 ut
1514 1046 1578 1085 illa
1592 1047 1742 1091 omnia,

425 1096 462 1132 ἃ
481 1095 642 1147 lingula,
659 1098 768 1136 omni
784 1109 892 1137 mora
907 1124 918 1143 ,
931 1097 1138 1142 dilatione,
1158 1097 1195 1137 ἃ
1211 1097 1460 1137 cunctatione
1475 1097 1622 1135 sublata
1638 1124 1649 1142 ‚
1675 1096 1745 1135 de-

424 1147 506 1184 bita
531 1147 753 1186 obedientia
768 1158 1007 1198 exequantur
1024 1177 1036 1194 ,
1064 1150 1102 1189 ἃ
1117 1150 1296 1189 accurate
1308 1176 1320 1195 ,
1347 1161 1391 1188 ac
1407 1150 1542 1188 exacte
1561 1149 1711 1187 servent
1729 1176 1741 1195 ‚

423 1198 643 1249 faciantque
669 1199 876 1250 respective
902 1202 968 1240 illa
984 1202 1031 1242 ab
1048 1201 1092 1239 iis
1107 1228 1118 1246 ‚
1146 1200 1194 1240 ad
1213 1212 1307 1249 quos
1325 1201 1490 1251 spectat,
1518 1200 1554 1241 &L
1571 1200 1745 1250 quando-

424 1262 587 1300 cumque
610 1252 845 1302 spectabitur
860 1253 1031 1292 futurum
1047 1281 1058 1299 ‚
1081 1252 1218 1291 eadem
1244 1254 1478 1292 auctoritate
1504 1252 1742 1291 omnimodae

423 1303 643 1342 executioni
665 1304 889 1344 demandari
906 1332 917 1350 ,
946 1306 985 1343 &
1010 1302 1291 1345 inviolabiliter
1320 1304 1518 1344 observari
1545 1332 1553 1341 .
1595 1304 1741 1345 Decer-

423 1362 563 1394 nentes
579 1355 721 1403 pariter
735 1384 747 1401 ,
777 1357 832 1394 ita
849 1358 886 1395 in
903 1356 1094 1407 praemiffis
1120 1369 1185 1407 per
1200 1356 1456 1406 quoscumque
1468 1353 1620 1404 Judices
1636 1382 1647 1400 ,
1663 1355 1741 1395 Or-

422 1406 594 1444 dinarios
610 1433 621 1451 ‚
647 1408 685 1446 ὃ(
709 1407 925 1458 Delegatos
940 1434 951 1450 ‚
984 1409 1102 1446 etiam
1129 1409 1340 1448 Causarum
1367 1406 1507 1447 Palatii
1523 1407 1739 1456 Apostolici

422 1456 636 1496 Auditores
654 1484 665 1502 ‚
680 1470 725 1496 ac
739 1460 850 1508 ipfins
865 1459 902 1496 S.
919 1458 963 1497 R.
979 1459 1021 1498 E.
1036 1459 1269 1499 Cardinales
1289 1487 1300 1505 ,
1316 1461 1434 1498 etiam
1451 1459 1498 1497 de
1515 1460 1652 1497 Latere
1666 1458 1742 1496 Le-

421 1518 534 1559 gatos
548 1536 559 1554 ,
586 1508 624 1548 ὃς
648 1508 756 1548 dic‘tae
768 1510 873 1550 Sedis
886 1509 1061 1551 Nuncics
1076 1539 1087 1557 ‚
1117 1511 1261 1550 aliosve
1275 1512 1485 1561 quoslibet,
1500 1521 1739 1562 quacumque

423 1560 710 1611 praeeminentia
728 1588 740 1606 ,
765 1562 1000 1611 &potestate
1013 1563 1220 1614 fungentes
1237 1591 1248 1608 ‚
1278 1563 1313 1602 ἃ
1338 1564 1536 1603 functuros
1553 1590 1564 1608 ,
1589 1562 1741 1601 sublata

421 1613 475 1650 eis
492 1639 504 1657 ,
516 1611 554 1649 ἃ
570 1624 705 1650 eorum
716 1614 874 1651 cuilibet
890 1614 1024 1661 quavis
1037 1616 1151 1654 aliter
1164 1614 1362 1658 judicandi
1378 1642 1388 1659 ‚
1404 1613 1734 1663 &interpretandi

420 1663 605 1701 facultate
620 1690 631 1707 ‚
648 1663 687 1702 &
704 1664 935 1702 auctoritate
953 1664 1138 1710 ‚judicari
1152 1692 1163 1712 ‚
1178 1665 1213 1702 ὃ(
1231 1664 1386 1704 definiri
1404 1666 1543 1704 debere
1562 1692 1572 1710 ‚
1599 1677 1642 1704 ac
1655 1665 1741 1702 irri-

420 1724 504 1752 tum
518 1744 529 1760 ‚
543 1715 580 1753 &t
599 1713 711 1754 inane
726 1741 737 1760 ‚
751 1716 777 1753 fi
797 1717 901 1754 secus
918 1715 1024 1766 super
1039 1718 1096 1755 his
1109 1718 1129 1757 a
1146 1728 1339 1766 quoquam
1356 1714 1492 1766 quavis
1507 1717 1736 1755 auctoritate

417 1766 662 1809 scienter‚vel
676 1768 904 1818 ignoranter
919 1765 1129 1818 contigerit
1147 1769 1333 1808 attentari
1351 1794 1361 1805 .
1392 1767 1482 1806 Non
1496 1768 1733 1806 obstantibus

417 1818 601 1857 omnibus
615 1843 626 1861 ‚
651 1816 685 1856 δι’
714 1818 868 1870 singulis
885 1818 983 1865 illis,
1008 1831 1087 1869 quae
1108 1819 1303 1870 praedictus
1316 1819 1565 1858 Innocentius
1583 1819 1735 1858 Praede-

415 1870 535 1907 cessor
551 1868 591 1907 in
609 1868 729 1908 literis
743 1869 813 1909 suis
829 1870 1053 1921 praeinsertis
1079 1872 1205 1912 voluit
1222 1882 1299 1911 non
1317 1871 1465 1912 obstare
1486 1897 1498 1916 ‚
1525 1871 1732 1920 ceterisqtie

415 1920 621 1959 contrariis
647 1922 946 1971 quibuscumque
962 1949 972 1960 .
1002 1923 1056 1962 Ut
1080 1933 1215 1963 autem
1234 1923 1376 1965 eaedem
1405 1922 1733 1973 praesentesliterae

416 1971 465 2011 ad
490 1970 670 2012 omnium
697 1974 881 2012 notitiam
905 1973 1058 2013 facilius
1073 1975 1282 2014 deveniant
1300 2003 1313 2021 ‚
1338 1974 1615 2014 volumusillas
1634 2002 1645 2021 ‚
1671 1974 1731 2013 seu

414 2034 546 2061 earum
580 2026 757 2073 exempla
787 2025 833 2063 ad
867 2025 1001 2066 valvas
1024 2026 1449 2066 2Ecc1efiaeLaterane11.
1469 2053 1480 2071 ‚
1507 2038 1551 2064 ac
1566 2026 1728 2065 Bafilicae

411 2074 598 2124 Principis
614 2077 894 2126 Apostolorum
910 2103 922 2122 ‚
949 2090 1098 2117 necnon
1112 2077 1363 2118 Cancellariae
1380 2080 1417 2119 A
1424 2078 1610 2128 postolicae
1622 2106 1633 2122 ,
1649 2077 1728 2116 Cu-

411 2126 548 2174 riaeque
562 2126 751 2174 generalis
766 2126 805 2166 in
820 2128 960 2168 Monte
977 2129 1175 2170 Citatorio
1191 2157 1202 2174 ‚
1229 2132 1261 2169 &t
1280 2131 1319 2170 in
1335 2130 1436 2172 Acie
1452 2130 1590 2179 Campi
1608 2129 1726 2168 Florae

408 2178 456 2215 de
475 2178 603 2223 Urbe,
625 2188 664 2217 ut
681 2180 802 2219 moris
815 2181 867 2219 est
885 2207 896 2225 ‚
909 2179 1038 2232 affigi,
1054 2183 1091 2223 ὃς
1109 2182 1292 2232 publicari
1306 2197 1322 2224 ,ε
1352 2182 1487 2230 Sicque
1502 2181 1723 2231 publicatas,

408 2231 445 2269 &a
464 2227 607 2276 affixas,
622 2242 761 2271 omnes
776 2259 788 2278 ,
813 2231 850 2272 δε
864 2232 1027 2282 fingulos
1050 2261 1062 2281 ,
1077 2246 1172 2283 quos
1190 2234 1260 2272 illae
1276 2242 1514 2272 concernunt
1529 2260 1539 2278 ,
1568 2232 1724 2282 perinde

406 2282 555 2319 arctare
570 2308 581 2326 ‚
610 2282 648 2323 δέ
662 2281 819 2322 afficere
834 2311 845 2330 ‚
874 2296 917 2323 ac
950 2285 977 2324 fi
1002 2285 1205 2334 unicuique
1232 2297 1365 2323 eorum
1394 2282 1629 2323 nominatim
1643 2310 1654 2328 ‚
1686 2284 1724 2322 δέ

406 2333 656 2383 personaliter
685 2335 874 2375 intimatae
914 2336 1066 2376 fuifient
1093 2352 1108 2379 ,-
1145 2339 1276 2388 thue
1304 2337 1467 2387 ipsarum
1495 2332 1723 2423 literarium.-

1531 2395 1616 2427 tran
1638 2397 1721 2424 um-
