2043 2958
205 852 344 893 Qnam
381 852 419 882 ab

162 896 256 932 hujus
295 894 418 925 Decreti

162 936 398 967 observantia„

160 977 366 1009 eximantur?

160 1324 350 1367 SpeciaHum
366 1326 420 1356 In-

141 1371 302 1400 iinltorum
345 1378 419 1408 prae-

144 1412 281 1442 servatiO
293 1432 301 1441 .

188 1688 345 1719 Hortatio
385 1688 426 1718 ad

145 1729 314 1770 Episcopos
332 1753 342 1767 ,
370 1741 427 1770 pro

152 1772 414 1806 benedicimus»

149 1814 334 1850 hujusmodi
379 1824 427 1846 re-

151 1856 344 1896 quirendOS.

459 256 550 300 μμ
917 235 1294 283 Ai’i’i-:Nnix

451 307 644 360 potestatis
663 304 903 356 plenitudine
926 307 1099 355 paribus,
1122 305 1344 352 statuimus,
1367 304 1754 355 atquedeceriiiiiiu3‚

453 370 492 399 ut
508 359 691 406 ejusmodi
707 360 883 396 Abbates
906 356 945 396 in
959 360 1147 406 posterum
1163 369 1240 395 non
1254 369 1274 395 a
1290 369 1530 407 quocumque
1543 357 1727 395 Antistite
1743 382 1755 400 ‚

452 414 515 450 sed
533 424 554 449 a
569 412 799 454 Dioeceizmo
813 412 969 448 tantum
984 409 1166 459 Episcopo
1180 436 1192 455 ,
1205 410 1269 447 vel
1284 420 1304 446 a
1319 408 1643 458 Metropolitano,
1658 407 1757 446 infra

451 464 671 514 pratdictum
700 461 937 507 terminum,
965 461 1279 499 benedictionem
1311 463 1473 499 omnino
1499 461 1678 508 suscipere
1692 468 1755 497 te-

453 524 613 555 neantur
628 530 642 556 ‚·
673 515 720 552 Et
736 517 928 564 quatenns
943 512 1009 552 ille
1023 540 1036 559 ‚
1061 525 1176 562 quem
1190 512 1326 551 Abbas
1341 514 1503 565 elegerit
1516 539 1528 557 ,
1554 512 1671 550 tertio
1685 512 1756 548 hu-

451 568 597 605 militer
620 567 821 615 requisitus
838 566 902 615 ipsi
915 566 1075 615 petitam
1091 565 1401 603 benedic-nonem
1425 562 1617 614 impertiri
1632 563 1758 600 detre-

450 621 528 656 ἀεὶ
544 646 555 664 ,
585 627 651 657 aut
676 617 849 668 negligat
865 645 877 662 ‚
909 626 998 653 tunc
1018 643 1028 660 ‚
1054 618 1092 655 ὃ(
1117 627 1164 653 eo
1186 616 1388 655 dumtaxat
1405 617 1490 654 casu
1512 643 1524 661 ,
1549 614 1756 652 eamdem-0

450 670 762 708 benedictionem
787 680 808 706 a
823 679 1063 717 quocumque
1079 667 1285 706 Catholico
1299 668 1488 707 Antistite
1504 666 1642 706 Abbas
1660 665 1757 703 libe-

450 724 487 760 re
511 723 691 770 suscipere
707 720 840 770 potiit,
868 718 906 757 ὃς
921 721 1073 764 valeat,
1100 731 1144 758 ac
1159 721 1214 757 ita
1242 717 1434 769 perpetuis
1455 720 1592 757 futuris
1605 726 1757 766 tempo-

450 774 551 811 ribus
567 775 703 822 ubique
718 772 854 810 servari
869 772 1048 810 volumus
1062 798 1074 816 ,
1088 770 1127 808 ὃς
1141 772 1372 809 mandamus
1389 799 1398 809 .

553 826 739 863 Ceterum
765 824 952 869 ejusmodi
977 822 1131 860 Indulta
1156 823 1377 871 exemptiva
1410 824 1458 860 ab
1483 821 1756 872 obligatione)

448 877 669 927 suscipiendi
700 874 1012 912 benedictionem
1039 885 1060 910 a
1078 875 1230 921 proprio
1246 873 1428 922 Episcopo
1456 873 1532 911 illis
1550 875 1755 910 dumtaxat

448 929 668 968 Abbatibus
685 955 696 972 ,
725 926 862 975 quibus
889 926 936 962 ab
959 924 1181 972 Apostolica
1202 925 1300 963 Sede
1323 925 1466 962 directe
1487 922 1658 963 concessa
1671 922 1757 960 fue*

446 989 534 1018 runt
553 1007 564 1026 ,
590 982 695 1025 juxta
710 979 870 1014 modum
897 977 1004 1024 supra
1020 976 1229 1022 expressum
1245 1001 1256 1020 ,
1279 976 1560 1026 suffragentur:
1586 975 1755 1020 Reliquis

447 1039 578 1068 autem
594 1029 817 1069 Abbatibiis
835 1052 846 1067 ,
870 1038 933 1073 qui
964 1036 1007 1061 ea
1023 1035 1069 1078 cx
1095 1027 1268 1073 generali
1282 1029 1439 1062 tantum
1457 1024 1756 1074 Privilegiorum

445 1083 528 1119 aliis
545 1081 757 1119 Ordinibus
773 1105 785 1123 ,
800 1076 1178 1124 Congregationibus
1193 1102 1204 1120 ‚
1219 1077 1280 1113 vel
1298 1075 1482 1113 institutis
1496 1073 1756 1114 concess'orum

446 1131 800 1173 communicatione
826 1130 893 1166 sibi
910 1134 1131 1175 competere
1146 1127 1410 1176 praetendunt‚
1438 1127 1602 1165 minime
1623 1124 1756 1163 suffra-

445 1186 528 1236 gari
547 1182 643 1234 poll'e
662 1210 673 1227 ‚
689 1193 756 1219 nec
771 1181 909 1218 debere
924 1177 1168 1216 decernimus
1184 1205 1195 1223 ‚
1212 1179 1247 1215 <x
1264 1180 1505 1218 declaramus
1520 1208 1528 1216 .

551 1235 643 1284 Qo
673 1234 765 1271 vero
795 1232 842 1270 ad
868 1231 1070 1274 Abbates‚
1096 1231 1231 1277 quibus
1257 1244 1278 1268 a
1302 1231 1485 1269 Romanis
1504 1228 1755 1270 Pontificibus

444 1284 780 1326 Praedecess'oribus
794 1283 940 1321 Nostris
963 1282 1155 1319 indultum
1169 1283 1243 1320 fuit
1259 1310 1269 1327 ‚
1301 1292 1340 1320 ut
1361 1295 1381 1320 a
1406 1284 1477 1320 suis
1490 1281 1755 1331 Superioribus

447 1338 698 1389 Regularibus
710 1364 722 1382 ‚
739 1338 799 1374 vel
812 1335 860 1373 ab
874 1345 1009 1373 eorum
1021 1333 1189 1372 Praelatis
1205 1334 1389 1384 delegatis
1404 1362 1415 1379 ‚
1444 1334 1755 1372 benedictionem

448 1392 594 1429 sumere
612 1388 749 1439 poffint
766 1399 774 1425 :
804 1388 865 1426 vel
888 1387 1008 1424 etiam
1026 1397 1090 1434 per
1107 1386 1473 1434 ipecialelndultum
1487 1385 1755 1435 Apostolicum

450 1443 665 1482 concellum
692 1439 764 1476 fuit
781 1465 791 1483 ‚
822 1447 863 1476 ut
889 1439 1003 1475 electi
1026 1437 1240 1475 habeantur
1268 1451 1335 1488 pro
1366 1438 1573 1476 benedictis
1598 1437 1645 1474 ab
1678 1437 1756 1486 ipso

450 1496 609 1533 Summo
622 1490 811 1530 Pontifice
826 1519 837 1538 ‚
867 1490 962 1528 nihil
983 1490 1148 1527 omnino
1175 1490 1442 1528 innovandum
1459 1490 1530 1528 efl'e
1545 1488 1731 1526 sancimus
1745 1514 1758 1531 ,

452 1548 489 1585 ὃ(
503 1544 724 1595 Apostolica
743 1570 755 1588 ,
780 1543 915 1592 quibus
930 1541 1101 1591 gaudent
1119 1568 1131 1587 ,
1154 1543 1356 1593 privilegia
1378 1541 1514 1592 ubique
1530 1539 1758 1579 inconcusse

452 1598 647 1636 observari
663 1595 900 1645 praecipimus
915 1621 926 1639 ,
953 1596 991 1632 δε
1008 1594 1236 1632 mandamus
1252 1622 1262 1631 .

554 1646 763 1687 Universos
785 1647 941 1684 demum
956 1643 1160 1694 Episcopos
1179 1672 1190 1690 ‚
1215 1655 1329 1695 atque
1351 1648 1469 1685 etiam
1484 1644 1760 1693 Archiepisco-

454 1713 520 1752 pos
534 1728 546 1747 ,
562 1712 584 1739 a
598 1699 732 1750 quibus
748 1696 967 1736 benedictio
981 1697 1185 1735 tribuenda
1201 1699 1273 1736 erit
1288 1725 1300 1744 ‚
1321 1708 1532 1747 eorumque
1543 1695 1760 1737 Officiales,

454 1752 677 1793 Ass'istentes
690 1778 702 1797 ‚
727 1751 765 1789 &
779 1750 979 1788 Ministros
1004 1750 1258 1799 quoscumque
1288 1750 1328 1788 in
1345 1750 1520 1789 Domino
1536 1750 1735 1785 hortamur
1749 1773 1761 1791 ‚

455 1817 499 1844 ac
525 1805 778 1843 admonemus
792 1829 805 1848 ‚
833 1809 875 1839 ut
896 1801 1095 1840 occasione
1118 1802 1298 1839 similium
1314 1802 1628 1840 benedistionum
1645 1809 1762 1836 excu-

456 1858 555 1896 tiant
569 1884 580 1903 ,
592 1867 636 1894 ac
653 1858 804 1905 prorsus
815 1854 1028 1892 emundent
1044 1865 1177 1892 manus
1190 1852 1269 1892 suas
1283 1854 1330 1891 ab
1345 1854 1453 1891 omni
1469 1862 1629 1890 munere
1643 1864 1658 1890 ,-
1671 1849 1763 1899 quin

456 1908 578 1949 etiam
595 1907 778 1958 praedic‘tis
794 1907 1013 1945 Praesulibus
1038 1906 1102 1943 sub
1115 1917 1229 1955 poena
1244 1903 1447 1944 lutei-dieii
1465 1905 1510 1942 ab
1525 1902 1590 1940 usu
1602 1899 1763 1940 Pontifi-

458 1962 600 1999 calium
616 1972 679 2009 per
693 1970 839 1997 annum
852 1966 1027 1996 vetamus
1038 1984 1049 2002 ,
1062 1970 1105 1996 ac
1122 1957 1355 2001 inhibemus,
1371 1969 1417 1995 ne
1432 1965 1514 1995 tam
1532 1963 1636 2000 ante,
1651 1953 1764 2002 quam

459 2015 539 2063 post
563 2011 715 2050 easdem
737 2009 1049 2054 benedictiones,
1073 2021 1281 2058 earumque
1299 2009 1441 2048 intuitu
1457 2035 1468 2052 ‚
1497 2006 1762 2053 cujuscumque

459 2064 609 2115 generis
627 2089 639 2106 ,
666 2070 729 2100 aut
756 2060 914 2111 speciei,
940 2061 1058 2099 etiam
1083 2061 1333 2099 bellariorum
1349 2088 1360 2105 ‚
1382 2062 1420 2100 &
1443 2056 1734 2097 comestibilium
1750 2080 1761 2098 ‚

460 2126 646 2158 munera,
672 2113 734 2152 vel
750 2113 889 2158 xenia,
916 2124 937 2151 a
961 2124 1155 2162 quoquam
1179 2113 1346 2163 recipere
1366 2112 1530 2150 audeant
1546 2125 1560 2151 ,-
1587 2107 1763 2162 illisqueg

461 2166 640 2218 praeterea
659 2165 825 2204 distriffe
842 2166 1073 2215 injungimus
1089 2192 1101 2210 ,
1128 2174 1168 2203 ut
1186 2165 1232 2202 ab
1250 2164 1357 2202 omni
1374 2164 1586 2202 abstineant
1600 2159 1762 2214 solemni

461 2230 600 2269 pompa
614 2245 624 2264 ‚
651 2229 731 2266 quae
744 2217 911 2266 sumptus
926 2244 937 2262 ‚
964 2215 1213 2267 quantumvis
1227 2217 1401 2255 modicos
1416 2243 1427 2260 ‚
1454 2215 1576 2251 etiam
1592 2209 1762 2260 prandii,

462 2272 590 2310 secum
607 2271 705 2308 ferat
716 2284 732 2310 ,-
760 2268 864 2307 Cum
880 2269 1063 2316 ejusmodi
1089 2270 1195 2307 sacrae
1208 2269 1425 2307 fundliones
1448 2267 1495 2303 ab
1514 2265 1663 2301 interna
1677 2287 1688 2305 ‚
1707 2261 1765 2297 so-

461 2323 616 2372 lidaque
637 2321 762 2371 potius
778 2321 1094 2360 Benedicentium
1111 2350 1122 2368 ‚
1142 2333 1186 2359 ac
1200 2316 1551 2359 Benedicendorum
1566 2313 1766 2369 religione,

463 2374 501 2412 δέ
518 2375 659 2424 pietate
673 2400 684 2418 ‚
701 2374 814 2423 quam
833 2375 880 2411 ab
897 2383 1052 2412 externa
1063 2401 1076 2420 ,
1098 2378 1136 2413 tx*
1148 2384 1248 2412 vana
1263 2377 1466 2422 apparatus
1477 2363 1765 2415 magnificentia

462 2427 625 2465 debeant
638 2426 900 2465 commendari
921 2454 929 2462 .
1684 2415 1766 2454 DC-
