2043 2958
159 649 249 680 Taxa
274 649 422 691 supradi-

139 691 215 727 ἃᾶ,
242 703 314 722 cum
341 696 423 726 rela-

137 734 296 770 tione,hic
311 734 418 775 injun-

139 774 246 810 &abab
259 776 420 818 Episcopis

136 818 308 849 formanda
333 843 344 857 ‚
387 821 420 852 &

135 859 271 899 praefatae
306 872 397 893 novas

139 903 419 942 congregationi,

136 953 197 983 pro
210 946 418 984 approbatio-

136 993 179 1014 ne
203 1007 214 1020 ,
251 986 415 1019 transmit-

138 1026 237 1057 tenda
251 1049 259 1059 .

138 1560 223 1592 Usus
237 1568 352 1595 rerum,
366 1559 419 1590 seu

139 1603 354 1634 ministrorum
367 1604 419 1632 Se-

136 1645 281 1681 minarss,
294 1642 416 1683 Episco-

137 1687 184 1725 pis
196 1709 206 1723 ‚
217 1685 346 1727 eJ'usque
358 1688 418 1717 Fa-

139 1729 317 1759 millaribus
331 1729 418 1759 inhi-

136 1770 230 1802 betur
245 1793 254 1802 .

129 2002 265 2045 Quis.
282 2002 314 2031 δε
327 2005 407 2043 qud-

132 2045 174 2073 do
200 2044 339 2086 Episcopi
368 2045 413 2075 uti

128 2087 222 2125 potsin
235 2089 273 2115 t?

148 2357 272 2399 Ogjbus
293 2355 401 2388 studiis
414 2379 423 2393 ,

457 262 550 316 29⁵2
920 257 1297 306 APPENDIX

448 327 705 374 judicaverint
721 354 732 372 ,
743 327 847 365 factio
863 334 994 367 tamen
1021 330 1122 378 prius
1139 331 1258 367 verbo
1272 340 1358 366 cum
1373 328 1550 366 Romano
1562 328 1760 374 pontifice,

449 392 518 429 pro
536 389 710 428 tempore
725 380 930 425 existente,
960 381 1190 432 delegandi,
1216 392 1260 418 ac
1274 379 1482 429 deputandi
1499 408 1510 425 ‚
1525 378 1675 428 aliaque
1691 382 1760 420 im,

448 429 642 480 praemiffis
667 430 869 469 necessaria
887 459 898 476 ‚
923 431 962 470 δε
986 444 1201 482 opportuna
1231 445 1298 481 pro
1326 433 1416 469 data
1446 432 1530 480 ipfis
1553 431 1760 470 aDomino

446 482 673 532 prudentia,
700 483 955 529 decernendi,
981 485 1168 533 gerendi,
1197 485 1235 522 ὃς
1257 483 1490 533 exequendi,
1521 483 1759 532 plenariam,

451 543 564 581 atque
587 535 859 573 omnimodam
874 536 1101 575 facultatem
1117 564 1128 581 ‚
1154 537 1382 584 potestatem
1401 563 1412 580 ‚
1430 535 1468 574 δε
1481 533 1763 574 authoritatem

452 584 684 632 tribuimus,
708 586 958 627 concedimus
974 615 985 632 ,
1008 600 1052 626 ac
1069 587 1341 637 impartimur.

558 637 755 676 Univerfis
783 638 912 688 itaque
933 640 1149 689 Episcopis‚
1178 651 1345 688 quorum
1370 639 1408 678 in
1421 638 1659 678 Dioecefibus
1687 650 1764 677 non

450 688 614 734 adsunt,
643 690 705 728 vel
732 693 911 739 congruis
934 691 1147 730 redditibus
1163 691 1341 729 instrufta
1357 693 1529 729 nonsunt
1547 718 1557 735 ,
1583 690 1759 728 Semina-

450 740 529 785 ria,
557 753 621 789 per
645 743 844 790 praesentes
869 743 1109 794 injungimus
1125 771 1135 788 ‚
1154 745 1190 783 ὃς
1212 742 1444 781 mandamus
1462 768 1474 786 ,
1500 750 1539 780 ut
1559 742 1759 790 quampri-

449 795 558 831 mum
583 794 779 842 praefatam
801 795 954 834 Taxam
985 795 1113 834 sedulo
1136 794 1345 833 conficiant
1361 822 1372 839 ‚
1401 805 1563 842 eamque
1579 793 1625 830 ad
1644 802 1759 831 ante—

447 844 554 882 dietae
575 845 900 895 congregationis
928 848 1184 886 Secretarium
1208 848 1310 885 intra
1335 847 1394 884 sex
1422 845 1642 889 mensesssst
1669 845 1762 884 dic-2

448 895 719 946 publicationis
733 899 927 946 praesentis
942 899 1237 937 Constitutionis
1262 897 1540 945 computandos
1558 923 1568 940 ‚
1598 907 1761 933 omnino

449 947 810 991 transmittant‚una
827 961 914 987 cum
932 950 1121 992 dimum,
1135 951 1172 989 ὃς
1184 956 1366 987 accurata
1382 950 1567 986 relatione
1583 946 1762 985 omnium

448 998 732 1037 Beneficiorum
759 1001 911 1038 suarum
937 999 1187 1044 Dioecesum‚
1218 1011 1426 1045 eorumque
1452 1011 1567 1036 annui
1592 999 1732 1035 valoris
1748 1025 1759 1043 ,

449 1061 601 1088 necnon
619 1051 791 1087 locorum
809 1078 819 1094 ‚
833 1052 1129 1099 animarumque
1145 1078 1156 1096 ‚
1185 1049 1223 1086 ἃ
1243 1050 1513 1093 Ecclefiarum‚
1530 1051 1569 1086 in
1591 1050 1666 1086 illis
1683 1050 1765 1086 exi-

447 1102 643 1146 stentium,
657 1113 744 1139 cum
772 1102 843 1140 suis
865 1101 1122 1151 qualitatibus
1137 1129 1148 1147 ‚
1166 1101 1213 1140 ad
1235 1103 1308 1138 hoc
1327 1109 1365 1138 ut
1382 1102 1518 1138 eadem
1534 1099 1763 1149 Congrega-

448 1150 505 1190 tio
525 1180 536 1197 ,
563 1152 744 1192 omnibus
763 1154 913 1191 mature
937 1154 1126 1203 perpensis
1144 1181 1155 1199 ‚
1180 1155 1346 1193 statuere
1362 1151 1471 1202 poffit
1488 1180 1498 1198 ‚
1525 1164 1573 1190 an
1589 1152 1767 1199 praedieta

446 1204 556 1243 Taxa
571 1204 772 1254 approbari
790 1233 801 1249 ,
817 1218 937 1244 necne
948 1207 1088 1244 debeat
1104 1232 1115 1251 ,
1145 1206 1330 1253 simulque
1345 1216 1547 1243 numerum
1566 1204 1768 1242 Alumno·

447 1268 547 1301 rum,
563 1254 601 1294 in
621 1269 848 1306 unoquoque
863 1258 1080 1296 Seminario
1096 1257 1404 1302 retinendorum,
1418 1257 1456 1295 {sc
1470 1256 1676 1298 summam,
1695 1266 1762 1302 pro

447 1306 683 1356 singulorum
703 1310 975 1348 sustentatione
998 1308 1261 1353 necessariam,
1279 1308 1511 1356 praescribere
1527 1334 1539 1352 ‚
1564 1307 1601 1345 ὃ(
1620 1306 1763 1354 reliqua

448 1360 606 1398 tandem
633 1362 766 1399 omnia
781 1389 791 1405 ,
819 1374 897 1408 quae
916 1374 984 1411 pro
999 1363 1102 1400 recta
1125 1361 1352 1398 eorumdem
1372 1359 1676 1398 Seminariorum
1692 1357 1761 1395 ad-

446 1409 731 1450 ministratione
747 1440 757 1456 ,
784 1413 987 1461 sedulaque
1001 1414 1269 1450 Alumnorum
1294 1412 1536 1449 institutione
1554 1410 1664 1446 utilia
1677 1436 1689 1454 ‚
1712 1419 1757 1446 ac

445 1472 661 1511 opportuna
674 1464 902 1507 judicaverit
919 1492 929 1509 ,
945 1464 1145 1502 salubriter
1158 1464 1362 1501 decernere
1380 1464 1509 1501 valeat
1523 1490 1531 1500 .

547 1515 742 1553 Omnibus
760 1514 1115 1565 insupei·Epi1copis
1132 1516 1295 1565 praefatis
1311 1543 1321 1561 ,
1338 1527 1384 1553 ne
1400 1515 1446 1552 de
1462 1524 1591 1553 cetero
1610 1525 1677 1562 pro
1693 1514 1728 1552 se
1740 1541 1753 1560 ,

443 1566 504 1603 vel
530 1565 601 1604 suis
616 1567 782 1605 Vicariis
796 1594 807 1611 ‚
833 1577 896 1606 aut
915 1568 1182 1607 Familiaribus
1197 1567 1495 1617 quibuscumque
1511 1593 1520 1610 ‚
1547 1566 1609 1604 sub
1624 1566 1759 1614 quovis

447 1618 578 1655 colore
590 1646 600 1661 ‚
616 1618 654 1657 Sc
670 1628 867 1666 praetextu,
882 1619 1140 1664 habitatione,
1158 1620 1334 1669 coquina,
1353 1619 1532 1661 Famulis‚
1550 1618 1752 1663 Ministris,

449 1677 516 1706 aut
528 1668 771 1707 officialibus
786 1669 989 1708 Seminarii
1005 1697 1016 1714 ‚
1041 1672 1102 1708 vel
1118 1672 1343 1708 Ledtoribus
1355 1696 1367 1714 ‚
1390 1670 1543 1718 Magisti
1554 1670 1583 1706 is
1601 1696 1611 1713 ‚
1625 1669 1762 1707 Sacer-

448 1720 603 1758 dotibus
621 1747 631 1762 ,
655 1719 688 1757 [xi
705 1720 880 1767 Clericis,
897 1722 1172 1770 quoquomodo
1187 1720 1479 1760 inservientibus
1493 1721 1618 1758 eidem
1637 1722 1763 1759 Semi-

448 1772 555 1809 nario
569 1798 580 1816 ,
607 1771 645 1807 ἃ
660 1772 844 1810 Alumnis
859 1799 870 1817 ,
902 1773 965 1811 vel
995 1774 1015 1810 a
1031 1773 1249 1810 Seminario
1267 1773 1456 1810 salariatis
1469 1798 1480 1815 ‚
1505 1773 1543 1811 δε
1558 1773 1731 1810 sustentis
1748 1800 1759 1817 ‚

448 1835 492 1861 ac
518 1823 881 1872 quomodocumque
895 1825 1058 1862 retentis
1073 1851 1083 1868 ‚
1099 1825 1154 1861 uti
1170 1823 1358 1868 audeant,
1381 1824 1547 1862 districte
1563 1824 1626 1860 lub
1643 1836 1755 1872 poena

448 1874 643 1913 interdidti
670 1875 716 1912 ab
742 1874 905 1926 ingreslu
922 1875 1091 1913 Ecclesiae
1109 1885 1312 1921 vetamus,
1339 1875 1638 1914 acinhibemus:
1668 1876 1757 1914 Non

448 1936 579 1964 tamen
611 1939 676 1976 per
703 1930 776 1964 hoc
793 1927 994 1976 prohibere
1014 1927 1250 1966 intendimus
1277 1927 1485 1977 Episcopo,
1514 1926 1757 1965 pontificalia

444 1979 668 2022 exercenti,
699 1990 743 2015 ne
760 1978 1091 2017 Caeremoniarum
1108 1980 1320 2030 Magistro,
1349 1981 1411 2017 vel
1441 1980 1709 2017 Sacerdotibus
1734 1981 1756 2018 ἐι

447 2030 665 2068 seminario
688 2030 850 2067 retentis
863 2056 875 2074 ,
906 2030 962 2066 uti
981 2029 1088 2078 poffit
1105 2043 1113 2067 :
1146 2031 1227 2068 imo
1242 2039 1283 2068 ut
1301 2043 1434 2068 eorum
1448 2043 1561 2080 opera
1579 2059 1590 2076 ‚
1607 2043 1650 2068 ac
1670 2030 1760 2069 affi-

446 2081 581 2120 stentia
606 2081 643 2118 in
669 2081 854 2126 ejusmodi
873 2079 984 2119 sacris
1003 2083 1265 2120 functionibus
1289 2083 1408 2120 libere
1424 2082 1479 2121 uti
1494 2083 1619 2121 valeat
1636 2110 1648 2127 ‚
1679 2083 1760 2130 ple-

448 2144 539 2171 nam
564 2134 627 2181 ipsi
647 2133 831 2181 Episcopo
859 2133 1067 2172 tribuimus
1088 2134 1316 2173 facultatem
1331 2163 1340 2171 .

551 2184 748 2222 Postremo
762 2184 1019 2224 saluberrimae
1036 2185 1180 2235 praefati
1196 2185 1365 2225 Concilii
1390 2186 1626 2236 dispositioni
1642 2185 1760 2225 inhae-

450 2245 577 2275 rentes
593 2264 604 2282 ,
624 2237 803 2274 volumus
820 2263 831 2280 ‚
856 2236 1094 2286 praecipimus
1114 2265 1124 2282 ‚
1152 2239 1190 2277 δι’.
1216 2237 1403 2277 sancimus
1421 2265 1431 2283 ,
1461 2248 1500 2276 ut
1529 2239 1566 2276 in
1581 2233 1759 2277 omnibus

452 2286 680 2327 Seminariis
698 2297 778 2327 tam
795 2289 978 2328 hactenus
994 2289 1147 2333 eretstis,
1164 2292 1277 2339 quam
1295 2291 1331 2328 in
1352 2292 1540 2340 posterum
1556 2290 1760 2338 erigendis,

451 2340 613 2378 Alumni
629 2340 917 2378 Grammatices
935 2367 947 2385 ,
978 2341 1128 2381 Cantus
1147 2343 1373 2391 Gregoriani
1389 2370 1400 2388 ,
1421 2342 1604 2390 Computi
1629 2342 1763 2381 Eccle—

149 2400 179 2429 δ.-
214 2399 370 2430 exercitiis
406 2401 425 2430 ὲ
451 2391 613 2439 fiastici,
637 2391 875 2441 aliarumque
910 2393 1105 2437 bonarum
1133 2392 1277 2435 artium
1303 2397 1454 2438 tantum
1467 2394 1661 2444 disciplina
1677 2407 1764 2432 ern-

1650 2446 1764 2488 dian-
