2043 2958
511 258 576 301 74
837 239 1509 292 CoNcltnRoMANi

507 311 625 359 dum
660 310 907 362 censemus
930 352 940 362 .
992 311 1321 362 Meminerint
1358 317 1521 382 itaque
1556 312 1782 382 Episcopi
1804 350 1820 372 ,

506 382 686 451 aliique
704 421 720 442 ,
752 388 837 451 qui
858 384 1035 434 talibus
1056 385 1100 433 se
1120 384 1431 434 facultatibus
1449 385 1672 451 indigere
1701 403 1824 452 prae-

506 455 710 503 noscunt
729 492 745 513 ‚
776 470 826 502 ut
861 474 957 505 non
989 457 1154 523 paffim
1182 455 1450 505 Dioecefim
1468 492 1483 513 ,
1513 457 1562 505 &
1597 454 1823 505 Chorum

505 542 645 575 extra
665 542 903 594 vagentur
922 548 936 587 3
972 546 1032 575 ne
1053 543 1244 595 tempus
1267 532 1525 596 proprium
1545 562 1560 584 ‚
1597 540 1741 592 atque
1762 529 1820 575 ad

502 597 806 645 residendum
823 614 990 665 aptum
1011 635 1027 656 ,
1045 599 1164 647 alibi
1183 597 1498 654 insumentes,
1518 597 1577 645 de
1594 596 1818 646 conceffae

506 667 817 734 postmodum
836 667 1062 718 absentiae
1082 670 1326 718 brevitate
1347 669 1593 717 inutiliter
1610 685 1821 736 conque-

505 753 674 788 rantur
694 775 705 787 .

979 857 1205 906 CAP.
1282 859 1346 905 V.

508 977 595 1025 Pro
615 976 862 1041 hujusiuodi
880 975 1079 1023 licentiis
1107 973 1375 1030 obtinendis,
1389 993 1487 1022 num
1503 977 1645 1032 aliud,
1660 991 1822 1041 praeter

576 1045 857 1095 Medicorum
876 1045 1175 1090 testimonium
1193 1077 1210 1098 ,
1239 1048 1495 1107 requiratur
1517 1079 1532 1099 ,
1560 1046 1754 1111 Congre-

641 1119 838 1183 gationis
858 1113 1049 1164 arbitrio
1069 1116 1322 1182 remittitur
1339 1111 1650 1163 decernendum
1670 1150 1681 1160 .

680 1232 893 1284 Uamvis
923 1251 1019 1281 non
1052 1230 1155 1282 solo
1171 1230 1486 1282 Medicorum
1517 1230 1795 1282 testimonio
1815 1270 1831 1292 ‚

510 1231 1022 1413 Qetiamjurato
1040 1339 1056 1360 ‚
1076 1303 1274 1371 probari
1292 1303 1484 1361 debeat,
1504 1303 1615 1351 talis
1634 1322 1753 1351 num
1776 1304 1833 1351 fit

733 1393 902 1424 eorum
921 1373 1162 1423 necessitas
1181 1410 1198 1431 ‚
1228 1378 1313 1441 qui
1345 1373 1544 1422 refidere
1564 1388 1792 1422 tenentur
1814 1409 1831 1430 ,

507 1462 563 1495 ut
581 1462 737 1496 aerem
757 1445 856 1493 illis
871 1444 1166 1501 mutandi,ac
1181 1444 1386 1511 proinde
1404 1450 1428 1491 ‘e
1444 1443 1658 1493 Dioecefi
1678 1443 1836 1492 liber-

508 1533 662 1566 tatem
677 1514 884 1582 postulet
903 1514 1193 1564 abscedendi
1210 1534 1225 1573 3
1256 1514 1580 1563 nihilominus
1601 1550 1618 1572 ,
1644 1532 1759 1562 cum
1775 1515 1836 1563 de

508 1586 758 1654 Episcopis
779 1623 794 1644 ,
811 1586 905 1634 fide
928 1589 1215 1650 ceteroquin
1238 1585 1397 1651 dignis
1419 1621 1435 1643 ,
1454 1600 1646 1652 agatur,
1665 1584 1697 1632 fi
1716 1585 1838 1651 quid

510 1657 638 1705 ultra
675 1674 764 1723 pro
798 1653 1077 1716 hujusmodi
1113 1654 1421 1720 impetranda
1450 1655 1652 1702 licentia·
1691 1655 1834 1701 exhi-

508 1727 617 1775 beri
637 1740 857 1793 oporteat
879 1761 894 1782 ‚
923 1725 1091 1773 eadem
1121 1723 1457 1791 Congregatio
1480 1723 1619 1792 super
1638 1723 1834 1792 Episco-

510 1816 687 1865 porum
724 1795 974 1844 resldentia
1001 1796 1198 1852 videat,
1229 1797 1279 1845 &
1309 1813 1400 1862 pro
1418 1793 1500 1843 suo
1520 1794 1728 1843 arbitrio
1751 1794 1832 1842 de-

509 1882 674 1916 cernat
693 1904 703 1914 .
743 1864 1015 1916 Consulant
1032 1865 1119 1914 fibi
1137 1870 1319 1914 interea
1332 1865 1558 1933 Episcopi
1576 1900 1592 1922 ,
1611 1867 1660 1915 &
1681 1883 1835 1932 quan-

509 1942 619 1987 tum
639 1956 754 1986 cum
766 1936 867 1986 Dei
886 1936 1124 1999 adjutorio
1141 1951 1503 2003 poterunt,tum
1521 1934 1830 1985 Tridentinis

507 2008 770 2064 Decretis,
798 2021 905 2054 tum
930 2005 1226 2073 Apostolicis
1256 2006 1704 2056 Constitutionibus
1734 2004 1834 2054 sese

506 2079 725 2127 studeant
745 2074 1050 2125 conformare
1069 2112 1085 2134 ,
1121 2091 1265 2144 atque
1286 2076 1385 2124 illis
1417 2094 1532 2126 cum
1551 2075 1722 2125 effestu
1742 2093 1833 2142 pa-

504 2168 616 2198 ·rere
631 2184 647 2206 ,
667 2147 752 2196 sub
768 2151 929 2214 poenis
950 2183 966 2205 ,
998 2165 1050 2195 ac
1071 2146 1280 2196 censuris
1295 2183 1311 2205 ,
1337 2147 1524 2197 ibidem
1544 2150 1784 2195 contentis
1805 2183 1822 2205 ‚

511 2222 562 2270 δε
595 2222 904 2268 comminatis
930 2254 940 2264 .
976 2218 1127 2286 Super
1160 2233 1468 2268 contumaces
1501 2220 1619 2267 vero
1637 2216 1828 2283 Synodi

511 2289 843 2340 Provinciales
865 2288 1256 2357 invigilent‚quae
1277 2308 1353 2338 eos
1371 2290 1562 2357 insuper
1579 2303 1827 2346 moneant,

511 2363 563 2411 c&
583 2381 606 2410 a
626 2360 991 2432 negligentibus
1028 2359 1249 2412 absentiae
1269 2364 1476 2413 rationes
1510 2363 1562 2408 in
1581 2359 1824 2410 Conciliis

1723 2447 1830 2479 exi-
