2043 2958
596 223 659 251 Ao
682 199 963 255 Concitiuivi
984 203 1243 254 ROMANUM
1259 235 1270 247 .
1489 219 1511 245 2
1526 216 1587 259 37

276 295 304 317 „
334 281 420 328 rum
441 271 694 324 derogatoriis
708 303 719 320 ‚
745 272 901 326 aliisque
914 274 1194 313 efficacioribus
1211 299 1223 318 ‚
1248 269 1463 311 &insolitis
1480 270 1588 306 clau·

275 348 304 368 ‚‚
333 323 420 380 sulis
437 351 447 369 ‚
473 324 792 376 irritantibusque
811 354 823 374 ,
849 328 888 367 δε
900 328 986 366 aliis
1003 326 1183 366 Decretis
1199 352 1210 370 ‚
1236 324 1355 361 etiam
1372 323 1486 360 Motu
1501 332 1592 369 pro-

272 402 301 422 „
330 388 413 433 prio
427 389 508 433 ‚·ac
526 390 570 416 ex
593 389 698 419 certa
717 380 874 418 scientia
890 405 902 424 ,
930 379 968 418 &
981 379 1028 417 de
1043 377 1271 428 Apostolicae
1288 375 1483 425 potestatis
1510 372 1590 421 ple-

275 454 302 474 „
333 429 507 486 nitudine
536 431 574 468 in
595 443 733 484 genere
748 459 759 476 ‚
789 433 850 469 vel
867 430 909 469 in
924 430 1045 479 specie
1062 458 1073 475 ,
1103 430 1163 468 seu
1181 429 1274 466 alias
1295 425 1590 476 quomodolibet

277 507 306 526 ‚‚
336 493 374 520 in
389 484 626 521 contrarium
644 481 916 532 praeniifforum
931 481 1128 526 conceffis,
1143 479 1382 518 confirmatis
1400 505 1411 521 ‚
1426 480 1463 517 &L
1480 477 1592 514 inno-

273 559 304 579 „
333 534 433 572 vatis
455 562 464 571 .
495 533 648 583 Quibus
673 535 851 573 omnibus
868 561 878 579 ‚
908 533 945 571 ἃ
961 534 1118 583 singulis
1134 561 1146 579 ‚
1172 531 1324 570 etiamfi
1350 542 1417 578 pro
1434 529 1594 566 illorum

276 611 304 629 ‚‚
334 584 536 625 sufficienti
565 588 816 636 derogatione
839 587 886 625 de
915 586 1018 631 illis,
1045 596 1256 633 eorumque
1279 581 1372 620 totis
1398 580 1594 618 tenoribus

277 663 305 682 υ
335 637 503 686 specialis
524 666 536 684 ‚
563 639 736 689 specifica
748 666 759 684 ‚
777 636 941 689 expreffa
958 666 969 684 ‚
986 638 1024 676 ἃ
1040 636 1239 676 individua
1256 662 1266 681 ‚
1293 645 1337 672 ac
1349 634 1397 671 de
1413 633 1531 671 verbo
1547 630 1595 669 ad

278 715 305 734 ‚‚
336 690 499 727 verbum
515 721 527 735 ‚
553 704 630 729 non
645 702 775 730 autem
792 703 856 739 per
871 687 1057 729 clausulas
1077 689 1276 742 generales
1291 714 1302 731 ,
1332 685 1432 723 idem
1450 685 1596 738 impor-

277 766 307 785 ‚,
338 748 465 779 tantes
480 769 491 786 ‚
507 745 656 781 mentio
668 771 679 788 ‚
702 743 761 781 seu
775 743 914 792 qucevis
929 743 1004 781 alia
1020 740 1206 790 expressio
1219 738 1393 777 habenda
1409 764 1420 781 ‚
1445 745 1510 773 aut
1526 735 1597 772 ali-

278 819 307 837 „
335 804 407 841 qua
435 794 510 832 alia
537 795 722 843 exquisita
747 795 872 831 forma
892 794 1028 832 adhoc
1053 792 1240 831 servanda
1265 791 1364 827 toret
1380 815 1392 833 ‚
1414 790 1597 825 illorum-2

279 870 306 888 ‚‚
336 843 514 882 omnium
528 873 539 889 ‚
568 846 606 881 ἃ
625 846 859 892 fingulorum
875 854 1026 884 tenores
1038 871 1050 889 ,
1067 856 1113 881 ac
1129 845 1158 882 fi
1171 843 1218 880 de
1238 842 1358 880 verbo
1373 839 1421 876 ad
1438 838 1598 875 verbum

277 920 307 941 ‚‚
335 895 644 943 exprimerentur
660 922 671 939 ‚
686 897 724 934 δε
738 896 1007 939 insererentur,
1025 894 1120 931 nihil
1140 892 1291 943 penitus
1305 890 1454 934 omiffo,
1467 891 1503 928 i&
1518 889 1599 925 for-

279 972 307 992 „
337 958 400 984 ma
415 973 427 991 ‚
442 944 481 985 in
498 947 574 986 illis
591 946 750 993 tradita,
764 947 964 985 observata
985 974 996 991 ‚
1015 943 1160 984 eisdem
1178 943 1423 993 praesemibus
1449 952 1516 989 pro
1532 951 1601 977 ex-

280 1023 308 1043 „
338 996 463 1046 preffis
484 1025 496 1043 ‚
520 999 723 1038 &inlertis
738 1000 924 1036 habentes
941 1024 953 1041 ,
980 996 1056 1034 illis
1081 998 1173 1035 alias
1196 996 1234 1034 in
1262 995 1326 1032 suo
1353 994 1491 1031 robore
1516 1003 1601 1040 per-

279 1076 308 1094 „
337 1049 525 1087 mansuris
558 1078 569 1094 ,
604 1048 653 1087 ad
685 1047 956 1097 praemifl'orum
981 1046 1159 1084 effeetum
1190 1049 1260 1084 hac
1286 1046 1371 1084 vice
1398 1044 1601 1082 dumtaxat

283 1127 311 1146 ‚,
339 1100 578 1148 specialiter,
606 1101 644 1139 8<
674 1100 842 1150 expresse
868 1097 1099 1148 derogamus
1123 1125 1135 1144 ‚
1162 1098 1369 1146 ceterisque
1395 1095 1603 1134 contrariis

280 1179 310 1198 „
338 1152 637 1202 quibuscumque
651 1180 661 1189 .

387 1231 413 1248 „
446 1204 638 1242 Volumus
652 1211 784 1241 autem
800 1229 812 1248 ‚
829 1212 870 1241 ut
887 1202 1113 1242 earumdem
1129 1200 1367 1251 praesentium
1384 1199 1603 1238 Literarum

280 1282 308 1301 „
336 1254 584 1303 transumptis
602 1282 612 1298 ‚
638 1254 699 1292 seu
719 1256 902 1303 exemplis
916 1282 927 1299 ‚
943 1255 1063 1292 etiam
1080 1251 1266 1301 impreffis
1279 1279 1290 1296 ‚
1308 1263 1426 1289 manu
1446 1251 1604 1294 alicujus

281 1334 308 1353 ‚‚
339 1306 492 1343 Notarii
509 1305 650 1355 publici
674 1306 898 1354 ssibscriptis‚
920 1308 958 1345 8<
974 1305 1098 1353 figulo
1114 1305 1274 1349 alicujus
1289 1303 1468 1352 personat,
1487 1302 1523 1338 in
1541 1301 1601 1338 di-

280 1385 308 1404 „
336 1358 487 1406 gnitate
516 1358 772 1397 Ecclefiastica
799 1359 1040 1402 constitutae‚
1070 1354 1263 1398 munitis„
1290 1353 1425 1392 eadem
1453 1354 1600 1401 prorsus

280 1437 307 1456 ,‚
335 1408 429 1447 fides
446 1437 456 1453 ‚
472 1417 554 1447 tam
571 1410 608 1448 in
624 1409 767 1453 judicio
782 1437 793 1454 ‚
822 1410 935 1458 quam
953 1417 1062 1446 extra
1077 1407 1172 1450 illud
1188 1405 1330 1455 ubique
1344 1404 1573 1443 adhibeatur
1588 1430 1600 1448 ‚

281 1489 309 1507 ‚‚
337 1473 417 1510 quae
443 1461 528 1509 ipsis
550 1461 790 1509 praesentibus
819 1460 1064 1498 adhiberetur
1080 1486 1091 1503 ‚
1120 1459 1145 1495 fi
1161 1458 1289 1495 forent
1310 1457 1486 1494 exhibitae
1502 1482 1513 1499 ‚
1538 1456 1600 1493 vel

283 1540 311 1559 ,‚
341 1512 492 1550 ostensae
505 1540 514 1549 .
544 1513 691 1550 Datum
707 1511 836 1550 Rome
866 1511 963 1561 apud
979 1511 1013 1548 S.
1030 1507 1201 1548 Mariam
1216 1510 1407 1553 Majorem
1436 1507 1501 1544 sub
1516 1507 1602 1544 An—

282 1592 310 1611 „
338 1564 431 1602 nulo
463 1564 663 1602 Piscatoris
699 1564 762 1602 die
785 1576 872 1602 χιιι.
904 1563 1003 1608 Maji
1038 1574 1151 1610 1723.
1188 1558 1440 1599 Pontificatus
1471 1557 1600 1597 Nostri

288 1643 314 1662 ‚‚
344 1616 465 1654 Anno
481 1616 657 1654 Secundo
671 1644 681 1655 .

391 1668 494 1707 Cum
509 1677 642 1707 autem
659 1697 669 1714 ‚
685 1670 776 1708 ficut
795 1671 1011 1721 accepimus
1025 1700 1035 1716 ‚
1051 1669 1204 1708 tametsi
1218 1664 1400 1717 praemiffa
1417 1665 1437 1704 ὲ
1450 1676 1604 1703 merno-

283 1728 371 1757 rato
390 1719 620 1776 Innocentio
637 1722 921 1768 Praedeceffore,
938 1732 1093 1761 maturo
1105 1733 1169 1766 ‚ac
1184 1717 1446 1758 saluberrimo
1459 1717 1602 1755 fuerint

287 1773 520 1817 constituta,
544 1774 581 1811 Sc
599 1773 782 1811 ordinata
810 1774 993 1818 consilio,
1018 1774 1083 1810 illa
1107 1772 1384 1813 nihilominus,
1413 1780 1485 1807 nee
1508 1768 1601 1805 dum

286 1824 465 1873 plenariae
495 1824 712 1862 executioni
729 1851 739 1868 ,
766 1835 807 1862 ut
825 1833 989 1873 parerat
1006 1851 1016 1867 ,
1034 1823 1272 1862 demandata
1288 1820 1432 1858 fuerint
1446 1847 1458 1865 ‚
1481 1830 1603 1868 neque

287 1875 449 1924 proinde
466 1884 620 1923 optatos
635 1876 777 1914 fruetus
795 1875 1060 1924 usquequaque
1076 1874 1243 1923 proferre
1259 1872 1448 1910 valuerint
1462 1885 1476 1911 ,⁴
1499 1870 1602 1908 Hinc

287 1929 355 1971 est,
370 1926 472 1976 quod
490 1926 707 1976 Nos‚prob‘e
723 1927 1021 1971 considerantes,
1042 1928 1135 1964 nihil
1152 1926 1275 1974 magis
1292 1924 1390 1962 alios
1405 1923 1452 1960 ad
1469 1929 1602 1960 veram

284 1978 472 2028 pietatem
488 2005 498 2021 ,
528 1979 563 2016 dc
579 1979 653 2016 Dei
674 1979 820 2017 cultum
837 1978 977 2017 affidue
994 1980 1174 2016 instruere
1187 2004 1198 2022 ‚
1225 1976 1262 2014 Sc
1276 1976 1441 2014 excitare
1459 2002 1469 2019 ‚
1487 1978 1603 2021 quam

286 2042 421 2068 eorum
436 2029 560 2069 vitam
582 2057 593 2074 ‚
615 2031 654 2069 &
670 2031 889 2080 exemplum
908 2058 917 2074 ,
946 2032 1010 2080 qui
1038 2030 1074 2067 se
1092 2027 1242 2068 Divino
1264 2026 1478 2066 ministerio
1495 2024 1604 2063 dedi-

287 2091 422 2120 carunt
442 2110 452 2128 ‚
476 2082 668 2130 facileque
697 2081 780 2120 fieri
798 2080 896 2132 posse
910 2108 921 2126 ‚
948 2091 989 2120 ut
1006 2083 1164 2131 populus
1191 2080 1227 2118 in
1247 2079 1309 2117 via
1324 2078 1488 2117 Domini
1511 2087 1602 2126 pro—

287 2132 390 2182 spere
406 2162 417 2179 ‚
442 2135 480 2174 δε
504 2133 670 2172 feliciter
700 2133 988 2184 progrediatur,
1016 2135 1041 2172 fi
1065 2133 1200 2172 Clerus
1228 2132 1285 2170 illi
1303 2130 1502 2181 pra-luceat
1519 2156 1530 2173 ‚
1560 2139 1603 2165 ac

285 2185 441 2224 suavem
466 2198 505 2223 in
519 2198 564 2223 eo
580 2184 784 2224 sanctioris
796 2185 1000 2235 disciplinae
1017 2213 1028 2231 ‚
1051 2185 1318 2231 bonorumque
1329 2193 1488 2232 operum
1506 2181 1605 2217 odo-

287 2249 368 2275 rem
384 2236 576 2275 diffundat
594 2249 602 2274 :
619 2248 662 2274 ac
679 2246 875 2286 propterea
893 2238 1121 2276 eorumdem
1138 2234 1426 2286 praemistorum,
1443 2237 1488 2271 ad
1508 2236 1605 2269 [uine

285 2296 369 2326 tam
390 2289 499 2337 pium
517 2316 527 2333 ‚
555 2288 592 2325 δέ
621 2289 835 2326 salutarem
851 2288 970 2327 finem
995 2289 1238 2327 tendentium
1264 2288 1505 2325 iiibfistentiae
1521 2311 1531 2328 ‚
1564 2293 1606 2320 :ic

282 2347 423 2390 paratae
443 2341 686 2386 executioni,
711 2339 866 2379 sublatis
878 2340 1068 2390 quibusvis
1084 2340 1373 2391 impedimentis
1388 2365 1401 2384 ‚
1414 2344 1608 2387 quantum

1522 2398 1608 2425 cnm

1674 1676 1888 1707 Confirmatio

1633 1717 1812 1758 pretiosum
1826 1722 1911 1749 Coi>-

1630 1760 1806 1791 stitutionis
1851 1763 1906 1792 ln-

1631 1804 1849 1834 nocentianae.
