2043 2958
502 236 564 278 62
848 231 1164 280 Cosmum
1206 233 1467 283 ROMANi

503 319 618 350 cum
634 300 863 351 omnibus
883 308 954 353 uti
970 304 1136 354 Patres
1157 341 1172 362 ,
1208 307 1258 354 &
1276 305 1486 355 Pastores
1508 304 1553 354 se
1570 305 1782 356 habeant
1799 342 1816 369 ,

502 376 552 422 ἃ
570 371 706 440 supra
725 391 893 423 omnes
908 412 923 433 ‚
945 375 1102 425 veluti
1118 375 1384 443 superiores
1400 413 1416 435 ,
1431 377 1597 425 locum
1615 377 1703 426 fibi
1720 377 1814 427 ser—

502 459 619 491 vent
639 444 914 511 digniorem
932 484 942 495 .
978 447 1217 497 Ceterum
1232 484 1247 505 ,
1264 464 1318 497 ut
1338 451 1423 516 qui
1437 467 1500 497 ex
1519 447 1719 497 adverso
1736 449 1816 506 est,

503 514 630 561 nihil
665 515 839 566 habeat
875 518 1035 568 dicere
1059 519 1115 567 de
1145 518 1253 586 ipfis
1275 555 1290 576 ‚
1329 519 1387 569 ab
1422 523 1481 567 iis
1513 517 1557 567 se
1587 519 1814 569 omnibus

503 584 763 634 abstineant
780 625 796 645 ,
829 608 935 656 quae
957 590 1188 639 Concilia
1206 626 1222 646 ,
1243 590 1466 640 Canones
1486 626 1503 648 ,
1521 588 1816 638 Sanctiones·
1882 640 1886 643 ,

504 672 598 720 que
638 656 931 723 Apostolicae
969 660 1220 728 Episcopis
1253 662 1449 709 vitanda
1483 665 1777 728 praecipiunt
1804 680 1816 707 z

504 727 552 774 ὅ(
581 743 630 773 ea
662 730 753 775 rite
777 764 792 786 ,
830 730 957 779 recte
975 765 991 787 ,
1029 750 1080 778 ac
1101 730 1290 780 solicite
1309 747 1614 798 exequantur
1630 768 1645 789 ‚
1681 751 1785 800 quae
1804 767 1820 789 ‚

503 795 777 864 Episcopali
799 808 869 849 uti
888 801 1138 850 commissa
1155 802 1440 862 ministerio,
1470 807 1713 870 praecipue
1732 801 1822 870 ipsi

504 880 729 916 tenentur
760 871 898 920 obire
918 908 928 919 .
1647 898 1651 902 ·

952 991 998 1039 C
1036 992 1087 1038 A
1124 992 1176 1039 P.
1253 990 1370 1039 III.

729 1100 844 1167 ,Quae
867 1104 1132 1154 Clericorum
1158 1107 1315 1152 ‘vitam
1335 1104 1599 1156 honefffent?

659 1216 766 1268 Um
787 1219 1101 1270 Clericorum
1111 1223 1278 1268 -vitam
1297 1256 1313 1276 ‚
1332 1238 1431 1268 non
1450 1227 1610 1271 minus
1630 1221 1824 1280 habitu,

681 1290 729 1337 ἃ
755 1290 945 1341 tonsura
963 1329 978 1351 ,
1008 1296 1163 1359 quam.
1176 1289 1375 1339 scientia
1395 1327 1411 1348 ,
1431 1294 1480 1342 &
1498 1291 1823 1342 conversatio-

503 1378 563 1406 ne
583 1365 822 1426 integram
838 1361 923 1410 esse
937 1398 952 1419 ,
972 1366 1021 1414 ὃς
1043 1361 1340 1411 laudabilem
1355 1363 1516 1411 videri
1536 1364 1703 1411 deceat
1723 1397 1739 1418 ‚
1768 1377 1822 1408 ut

505 1433 590 1495 qui
613 1430 748 1476 laicis
767 1433 914 1497 gradu
936 1467 951 1488 ,
970 1437 1018 1483 ὃῑ
1038 1433 1207 1480 ordine
1227 1431 1436 1499 praesunt
1457 1470 1472 1491 ,
1502 1432 1722 1482 moribus
1744 1449 1822 1480 eos

504 1503 651 1547 etiam
672 1517 880 1567 praeeant
896 1539 911 1559 ,
940 1522 993 1551 ac
1011 1502 1230 1551 do&rina
1251 1523 1266 1561 3
1303 1522 1502 1552 omnem
1520 1504 1727 1553 nostram
1746 1520 1819 1549 re,-

506 1575 661 1636 quirit
685 1570 1045 1622 solicitudinem
1060 1609 1075 1629 ‚
1104 1573 1348 1639 quidquid
1366 1574 1424 1622 ad
1445 1579 1727 1624 canonicam
1745 1592 1824 1622 eo-

504 1659 615 1687 rum
651 1640 892 1689 noscimus
925 1647 1167 1710 pertinere
1202 1643 1557 1692 institutionem
1576 1680 1588 1691 .
1637 1646 1822 1707 Qam-

506 1709 676 1758 obrem
695 1711 918 1761 Clericos
952 1732 1116 1762 omnes
1136 1731 1421 1770 monemus,
1451 1728 1503 1761 ut
1521 1750 1538 1770 ,
1573 1717 1627 1760 in
1644 1712 1820 1760 sortem

504 1779 714 1829 Domini
731 1787 892 1832 vocati
909 1820 925 1841 ,
964 1803 1070 1852 quae
1087 1782 1236 1832 seculi
1254 1782 1362 1832 sunt
1384 1802 1541 1832 amare
1559 1780 1819 1832 dediscant:

502 1855 755 1902 mittentes
776 1858 907 1902 enim
926 1873 1126 1903 manum
1142 1854 1199 1901 ad
1219 1869 1434 1902 aratrum
1448 1890 1464 1911 ,
1496 1858 1544 1905 &
1560 1852 1820 1920 respicien-

501 1934 571 1969 tes
611 1938 741 1972 retro
759 1961 774 1983 ‚
814 1939 949 1990 aptos
986 1944 1084 1973 non
1113 1924 1200 1972 effe
1219 1925 1398 1992 Regno
1417 1924 1551 1981 Dei,
1585 1922 1816 1990 sapientia

449 2025 479 2047 2,
500 1992 659 2040 edixit
676 1994 865 2041 Divina
885 2005 899 2021 ³
919 2031 930 2042 .
972 1996 1030 2042 In
1049 1997 1248 2060 optimis
1267 1999 1433 2061 itaque
1452 1993 1496 2043 se
1516 1994 1680 2042 studiis
1703 2030 1718 2052 ,
1751 1992 1816 2041 sa-

501 2060 691 2126 crisque
712 2063 868 2111 literis
898 2065 1160 2132 diligenter
1178 2079 1462 2114 exerceant:
1498 2064 1649 2114 sacros
1673 2069 1814 2121 ritus,

501 2132 718 2181 rubricas
737 2163 753 2191 9
780 2136 828 2184 &
858 2138 1164 2186 caeremonias
1198 2134 1434 2184 calleant:
1477 2150 1674 2184 cantum
1690 2134 1814 2183 Gre-

502 2207 756 2269 gorianum
788 2204 1064 2257 addiscant:
1095 2207 1363 2275 divinaque
1381 2211 1541 2255 munia
1572 2209 1624 2252 in
1642 2205 1813 2261 Eccle7

438 2292 447 2301 ·
504 2274 577 2322 fiis
598 2293 710 2323 cum
727 2281 906 2342 pietate
923 2279 1096 2329 obeant
1111 2314 1126 2335 ,
1160 2280 1208 2328 ὃς
1229 2277 1464 2340 majestate
1483 2312 1494 2323 .
1528 2275 1705 2324 Officia
1724 2296 1811 2325 ve·-

504 2349 559 2393 Υὸ
578 2344 775 2412 profana
794 2367 853 2396 ne
872 2364 1026 2414 agant:
1050 2369 1072 2397 a
1094 2348 1362 2416 prohibitis
1384 2347 1813 2464 venationibusffb

1678 2436 1726 2464 in
1764 2436 1811 2463 e-
