2043 2958
504 236 570 280 60
841 230 1488 281 C0N01L11R0MAN1

501 299 773 351 vilescunt
814 302 1056 368 roirca
1090 322 1246 370 operae
1266 306 1482 368 pretium
1499 300 1674 350 ducant
1695 303 1812 370 Epi-·

499 373 654 440 scopi,
668 392 964 440 omnemque
984 392 1168 431 curam,
1189 393 1241 422 ac
1258 374 1566 440 diligentiam
1583 372 1814 422 adhibere

500 462 598 493 non
616 444 860 502 desistant,
882 442 1131 512 quousque
1153 445 1606 511 Congregaffiones,
1632 459 1738 491 tum
1758 448 1811 490 in

497 515 803 564 Civitatibus
821 551 837 572 ‚
871 529 978 562 tum
1007 519 1059 563 in
1075 515 1410 573 Dioecehbus,
1446 533 1531 581 per
1553 532 1718 562 omnes
1752 513 1809 561 de

497 584 653 635 Clero
672 622 688 642 ,
707 585 850 634 sacris
870 589 1086 635 initiatos
1107 622 1123 643 ,
1143 587 1415 635 Canonicos
1434 621 1449 642 ,
1470 585 1713 633 Parochos
1729 618 1745 640 ,
1762 585 1810 632 δε

497 654 818 703 -Confeffarios
835 691 852 712 ,
869 656 1166 722 (Regulares
1187 661 1355 711 etiam,
1374 654 1641 703 dummodo
1660 672 1816 702 mora-

501 725 568 773 les
603 728 656 772 in
682 744 852 775 eorum
871 726 1214 775 Conventibus
1234 726 1465 774 lestiones
1496 744 1594 774 non
1608 725 1817 774 habean-

498 811 582 842 tur
601 831 615 853 ‚
652 797 766 845 alias
788 796 848 844 ab
868 797 1118 845 audiendis
1140 795 1505 845 confessionibus
1529 795 1818 862 suspenden-

500 865 624 926 dos)
658 865 803 915 semel
833 870 885 913 in
915 885 1199 932 unaquaque
1214 866 1517 926 hebdom-ada
1539 902 1554 922 ,
1590 881 1821 931 certoque

500 936 789 1004 defignando
807 936 904 993 die,
925 938 975 985 ὃς
992 935 1080 986 sub
1099 951 1227 983 certa
1248 954 1390 1002 poena
1408 939 1687 1002 pecuniaria
1707 953 1821 982 con—
1893 957 1895 959 ¹

496 1020 573 1054 tra
593 1022 936 1062 contumaces,
971 1005 1240 1053 habeantur
1262 1041 1278 1060 ,
1310 1010 1361 1052 in
1400 1006 1579 1070 quibus
1616 1005 1825 1052 alterna-

499 1079 594 1123 tim
614 1112 630 1132 ,
668 1078 717 1123 ὃς
749 1077 963 1124 Rituum
985 1107 1002 1129 ,
1039 1075 1089 1122 &
1121 1072 1446 1121 Conscientiae
1480 1071 1607 1119 casus
1642 1091 1821 1140 propo-

500 1160 676 1193 nantur
696 1180 711 1200 ,
748 1142 1070 1191 discutiantur
1096 1176 1112 1197 ,
1144 1145 1193 1190 ἃ
1222 1142 1432 1207 praefice
1471 1158 1820 1199 exerceantur,

500 1214 738 1264 methodo
771 1211 955 1262 servata
983 1210 1244 1277 synodali,
1281 1229 1388 1279 quae
1427 1211 1613 1278 legetur
1645 1218 1698 1261 in
1714 1213 1825 1280 Ap-

503 1285 709 1354 pendice
729 1283 899 1379 jd(
918 1313 1059 1387 stssy

717 1500 783 1561 T
819 1503 848 1562 Ι
886 1503 951 1565 Τ
990 1503 1051 1565 U
1089 1503 1144 1563 L
1185 1503 1247 1565 U
1286 1499 1330 1562 S
1411 1502 1618 1564 XVI.

563 1626 663 1687 De
684 1627 852 1694 vita,
890 1631 953 1688 ὃς
990 1624 1304 1687 honestate
1328 1625 1717 1687 Clericorum
1742 1670 1756 1683 .

999 1768 1045 1820 C
1083 1771 1134 1818 A
1170 1771 1225 1820 P.
1300 1767 1337 1818 Ι.

536 1874 836 1943 Epistoporum
854 1879 964 1924 ‘vita
1001 1879 1161 1923 ceteris
1181 1875 1251 1943 stt
1286 1874 1396 1923 bonae
1434 1875 1783 1942 converfiztionis

639 1948 861 2015 exemplo·
885 1946 1087 1994 Invicem
1103 1947 1330 2012 ipſsjuxta
1349 1963 1514 2012 tempus
1535 1946 1676 1996 Ordi-

787 2014 1038 2080 nationisse
1055 2016 1210 2062 honore
1222 2021 1534 2081 praeveniant.

620 2127 810 2197 Piscopi
840 2147 953 2177 cum
991 2142 1171 2177 ceteros
1215 2128 1454 2196 dignitate
1483 2125 1768 2198 praecellant
1784 2147 1800 2185 3

653 2198 757 2248 sunt
781 2203 963 2249 etenim
977 2200 1149 2247 mundi
1164 2198 1349 2250 lumina
1364 2236 1380 2258 ,
1399 2199 1462 2249 sal
1484 2215 1620 2249 terrae
1633 2234 1649 2255 ‚
1683 2216 1806 2265 prae-

502 2287 644 2320 cones
665 2271 839 2327 divini,
860 2270 1155 2337 populorum
1174 2271 1337 2329 duces,
1352 2290 1405 2318 ac
1423 2269 1668 2337 magistri,
1690 2285 1810 2334 quos

501 2342 641 2392 Deus
657 2377 672 2403 ,
694 2356 944 2411 tamquam
962 2341 1131 2392 Aaron
1150 2376 1166 2402 2
1201 2341 1258 2392 ad
1276 2346 1545 2394 animarum
1564 2337 1814 2409 praefefiu-

1718 2425 1821 2456 ram
