2043 2958
122 641 319 673 Mandatum
345 651 402 680 pro

122 684 251 725 publica
269 682 398 722 praesen-

123 727 206 758 tium
233 725 381 758 affixione
394 748 403 757 .

137 1385 307 1414 Decretum
332 1387 410 1410 con-

134 1435 184 1455 tra
198 1448 206 1460 ,
230 1434 295 1465 quae
319 1421 350 1451 in
364 1420 414 1450 his

132 1469 316 1497 statuuntur
333 1487 342 1500 ‚
355 1462 411 1493 ali-

137 1518 185 1540 ter
197 1514 396 1541 attentantes
406 1526 415 1535 .

428 250 528 295 294
897 231 1264 280 APPENDIX

427 306 556 355 aliqua
582 305 654 343 alia
672 303 852 351 exquisita
868 301 993 340 forma
1008 302 1056 341 ad
1071 305 1143 340 hoc
1162 300 1347 340 servanda
1364 300 1463 340 foret
1482 329 1493 346 ,
1507 310 1657 342 tenores
1675 305 1746 342 hu-

426 358 615 404 jusmodi,
640 368 684 394 ac
699 355 725 392 fi
740 355 788 392 de
811 355 931 393 verbo
955 353 1004 393 ad
1019 354 1455 394 verbuminsererentur
1473 382 1484 399 ‚
1507 356 1750 405 praesentibus

428 422 499 461 pro
520 409 630 460 plane
648 435 660 454 ‚
687 406 724 444 ἃ
752 405 983 446 sufficienter
996 405 1172 457 expressis
1185 435 1198 454 ‚
1225 405 1428 445 &insertis
1445 407 1632 446 habentes
1648 436 1656 451 ,
1674 407 1749 446 illis

430 462 521 500 alias
546 462 582 500 in
611 461 676 498 suo
696 459 837 497 robore
863 459 1115 509 permansuris
1132 487 1143 505 ,
1173 459 1222 497 ad
1250 456 1521 508 praemistorum
1546 458 1750 497 effeetum„

429 516 501 551 hac
525 514 608 552 vice
628 513 833 552 dumtaxat
850 513 1062 561 specialiter
1077 539 1089 557 ‚
1120 511 1157 549 8:
1174 510 1344 561 expresse
1358 510 1588 563 derogamus
1603 538 1615 557 ‚
1643 519 1751 550 cete-

430 566 552 616 risque
565 563 773 604 contrariis
789 562 1092 614 quibuscumque
1103 591 1113 602 .

534 619 590 657 Ut
611 625 744 656 autem
762 616 963 665 praesentes
979 617 1115 655 Literae
1142 615 1190 654 ad
1204 613 1382 656 omniurn
1401 616 1584 655 notitiam
1599 615 1751 654 facilius

430 670 643 709 deveniant
657 696 669 715 ‚
684 666 722 704 8(
739 679 857 705 nemo
870 667 1026 707 illarum
1039 668 1302 718 ignorantiam
1322 669 1492 717 allegare
1510 669 1639 706 valeat
1658 696 1669 714 ‚
1685 680 1756 706 vo-

430 719 744 766 lumus‚illas,seu
757 731 890 757 earum
905 721 1149 771 exempla‚ad
1165 720 1303 759 valvas
1319 721 1496 759 Ecclefiae
1510 720 1751 758 Lateranen-

431 776 478 813 sis
495 803 506 820 ‚
534 775 570 814 δε
591 771 758 813 ssafiiicae
775 772 966 822 Principis
983 773 1264 824 Apostolorum
1280 799 1292 818 ‚
1319 784 1472 812 necnon
1496 772 1749 811 Cancellariae

431 828 661 876 Apostolicae
679 852 690 870 ‚
716 823 916 872 Curiaeque
942 825 1144 865 Generalis
1179 825 1217 863 in
1237 825 1378 863 Monte
1394 825 1615 867 citatorio,
1644 835 1687 861 ac
1712 825 1750 862 in

430 880 513 917 acie
527 877 665 926 Campi
678 876 798 914 Florae
812 875 859 913 de
877 876 982 915 Urbe
996 905 1009 923 ,
1024 887 1064 916 ut
1083 877 1201 914 moris
1217 879 1268 914 est
1286 903 1297 920 ,
1320 875 1427 927 affigi
1442 902 1454 920 ,
1480 875 1518 912 &t
1537 873 1721 923 publicari
1742 902 1753 920 ‚

432 932 555 980 sicque
567 928 792 980 publicatas,
807 927 845 965 δεῖ
857 925 1005 972 affixas,
1019 939 1155 966 omnes
1170 954 1181 970 ‚
1199 928 1236 965 ὃς
1250 927 1416 974 singulos
1432 953 1443 971 ‚
1455 938 1551 975 quos
1568 927 1640 964 111ae
1656 937 1752 965 con-

433 991 597 1021 cernunt
611 1007 623 1024 ,
652 979 812 1028 perinde
830 979 977 1016 arc‘tare
992 1007 1004 1024 ,
1030 980 1068 1017 δι
1081 979 1234 1016 afficere
1250 1004 1261 1020 ‚
1291 989 1334 1014 ac
1358 979 1382 1014 si
1398 978 1601 1026 unicuique
1617 990 1753 1015 eorum

433 1031 670 1072 nominatim
687 1058 698 1074 ‚
719 1032 755 1068 ὃς
780 1027 1031 1078 personaliter
1049 1028 1239 1067 intimatae
1252 1026 1403 1065 fuissent
1421 1042 1435 1068 ,-
1464 1038 1581 1077 utque
1597 1040 1754 1066 earum-

433 1085 523 1123 dem
545 1080 785 1133 praesentium
799 1081 1018 1120 Literarum
1035 1080 1284 1127 transumptis
1298 1104 1310 1122 ‚
1335 1080 1394 1117 seu
1409 1081 1594 1129 exemplis
1608 1108 1619 1126 ,
1634 1082 1755 1118 etiam

438 1134 625 1185 impreflis
640 1161 650 1179 ‚
666 1145 785 1172 manu
803 1132 962 1178 alicujus
978 1131 1135 1171 Notarii
1152 1131 1298 1181 publici
1315 1130 1534 1182 subscriptis
1547 1159 1559 1177 ‚
1576 1132 1614 1171 δι
1629 1132 1756 1182 sigillo

436 1189 618 1238 personae,
641 1187 679 1224 in
700 1184 962 1224 Ecclesiastica
976 1185 1169 1235 dignitate
1183 1184 1412 1228 constitutae,
1429 1184 1605 1226 munitis,
1618 1183 1755 1222 eadem

436 1241 576 1289 ubique
593 1238 687 1276 fides
704 1238 740 1276 in
756 1235 903 1283 judicio
917 1263 929 1280 ,
943 1237 981 1276 &
996 1246 1101 1275 extra
1117 1235 1351 1274 adhibeatur
1363 1263 1375 1281 ‚
1392 1248 1472 1285 quae
1491 1236 1575 1285 ipsis
1591 1235 1751 1284 praesen-

439 1293 538 1332 tibus
556 1291 825 1333 adhiberetur,
843 1286 870 1324 fi
885 1287 1015 1326 forent
1030 1289 1208 1327 exhibitae
1221 1314 1232 1332 ‚
1252 1288 1315 1326 vel
1332 1289 1438 1325 osten
1447 1287 1487 1325 sae
1500 1316 1509 1325 .

541 1342 650 1382 Nulli
677 1352 771 1392 ergo
792 1340 957 1377 omnino
981 1340 1187 1377 hominum
1211 1339 1326 1377 liceat
1357 1341 1457 1377 hanc
1472 1340 1655 1388 paginam
1671 1338 1755 1376 No·-

439 1398 603 1435 strarum
627 1392 841 1432 voluntatis
857 1418 868 1435 ‚
898 1389 1107 1430 sanctionis
1123 1419 1135 1437 ‚
1152 1388 1425 1439 prohibitionis
1440 1418 1450 1435 ‚
1473 1390 1724 1428 institutionis
1742 1417 1756 1436 ‚

439 1445 700 1498 deputationis
718 1471 729 1489 ‚
746 1441 998 1493 praefec‘tionis
1013 1467 1023 1485 ‚
1042 1441 1319 1481 commistionis
1333 1468 1345 1486 ‚
1365 1442 1540 1480 mandati
1556 1469 1567 1486 ‚
1583 1442 1754 1486 decreti,

441 1504 481 1540 ὃς
506 1496 768 1546 derogationis
792 1492 1025 1542 infringere,
1050 1495 1111 1533 vel
1138 1495 1173 1532 ei
1192 1493 1281 1531 ausu
1297 1494 1509 1532 temerario
1536 1493 1728 1531 contraire
1743 1521 1753 1530 .

442 1553 480 1591 Si
505 1552 587 1600 quis
601 1556 730 1587 autem
756 1549 828 1585 hoc
855 1553 1052 1585 attentare
1078 1545 1348 1595 praesumpserit
1375 1573 1387 1591 ‚
1420 1543 1759 1595 indignationem

441 1600 737 1651 Omnipotentis
752 1598 826 1637 Dei
843 1625 854 1642 ‚
872 1609 915 1635 ac
931 1598 1139 1637 Beatorum
1158 1598 1262 1638 Petri
1280 1625 1291 1642 ‚
1305 1597 1343 1636 δέ
1357 1597 1463 1636 Pauli
1478 1596 1756 1646 Apostolorum

443 1657 521 1701 ejus
541 1654 576 1691 se
603 1650 755 1689 noverit
773 1650 1010 1688 incursurum
1026 1677 1035 1686 .
1064 1651 1215 1689 Datum
1240 1649 1370 1687 Romae
1387 1649 1486 1699 apud
1512 1649 1549 1686 S.
1570 1649 1728 1686 Petrum
1747 1675 1759 1693 ‚

443 1708 565 1747 Anno
581 1698 867 1741 Incarnationis
885 1701 1101 1739 Dominicae
1115 1700 1323 1738 millesimo
1337 1700 1678 1749 septingentesimo
1692 1701 1752 1737 vi-

442 1757 590 1808 gesimo
605 1755 758 1803 quinto,
768 1752 930 1801 septimo
944 1751 1033 1789 Idus
1048 1752 1160 1797 Maii,
1175 1749 1430 1789 Pontificatus
1442 1750 1570 1789 Nostri
1585 1750 1704 1789 Anno
1718 1752 1746 1789 Ι.

448 1855 512 1912 Ρ.
530 1853 618 1911 Μ.
638 1852 799 1909 Card.
816 1852 1026 1908 Prodat.
1185 1849 1242 1906 F.
1260 1849 1420 1906 Card·
1434 1848 1691 1905 Oliverius
1709 1889 1720 1902 .

684 1975 778 2019 Visa
795 1977 846 2020 de
860 1977 988 2020 Curia
1000 1977 1031 2017 1.
1045 1976 1098 2018 C.
1113 1972 1368 2031 ArchIepisc.
1384 1970 1609 2016 Amasenus
1624 2004 1637 2015 .

539 2089 633 2125 Loco
645 2092 677 2127 ’Β
694 2086 826 2124 Plumbi
839 2110 848 2122 .
1182 2086 1219 2120 L.
1236 2084 1452 2122 Martinettus
1464 2106 1474 2117 .

1010 2190 1188 2239 Regifirata
1201 2193 1214 2227 a·
1216 2203 1235 2227 n
1250 2193 1423 2230 secretaria
1435 2190 1592 2230 Brevium
1602 2211 1612 2224 .

1658 2420 1754 2462 OR-
