2043 2958
455 234 521 279 44
763 208 1416 261 CONCILIIROMANr

454 303 571 336 tunc
590 283 869 352 Apostolica
888 280 1366 350 recepturuS,debitae
1387 298 1471 349 per
1490 298 1601 330 eum
1620 299 1758 330 man·-

455 356 608 405 danda
642 358 922 404 executioni
943 391 953 401 .
992 354 1138 422 [psius
1168 357 1331 420 itaque
1349 351 1722 403 Constitutionis
1741 388 1758 409 ,

455 431 556 476 imo
584 427 633 475 ὃ(
660 424 1008 493 Episcoporum
1031 428 1329 487 juramenti,
1357 424 1496 491 super
1527 424 1660 472 illius
1678 422 1767 472 ob·-

453 497 691 550 servantia
711 497 940 564 praestiti,
969 500 1260 544 memoriam
1279 495 1361 544 hic
1385 496 1485 544 Nos
1507 493 1731 542 facientes
1747 528 1764 551 ‚

456 587 624 617 eorum
641 567 848 634 fingulos
868 572 920 615 in
933 568 1157 616 Domino
1177 587 1400 635 rogamus
1420 603 1434 623 ‚
1456 567 1504 614 ἃ
1523 585 1584 614 ex
1604 568 1768 612 animo

456 640 770 687 admonemus
791 674 806 694 ‚
837 657 896 685 ne
915 643 979 685 ita
999 639 1163 704 paflim
1196 637 1433 704 personali
1465 635 1524 683 ab
1545 639 1635 683 nac
1653 633 1766 683 visi-

455 715 638 758 tatione
667 707 710 756 se
730 706 1005 774 dispensent
1027 727 1041 766 3
1081 712 1264 756 monita
1284 708 1366 756 hic
1385 705 1540 754 multa
1561 743 1577 763 ,
1593 707 1641 755 ὃς
1665 704 1770 753 sane

454 780 668 848 proficua
687 814 704 836 ,
722 778 1006 827 eorumdem
1021 778 1308 827 Sanctorum
1334 776 1552 827 Ecclesiae
1583 777 1773 825 Princi-

456 869 577 918 pum
612 851 892 899 Patrocinio
908 884 923 905 ,
956 855 981 897 e
1011 848 1189 896 summi
1209 848 1464 897 Pontificis
1485 850 1770 895 vivae-vocis

456 920 653 969 oraculo
681 923 994 988 percepturi,
1028 937 1136 986 quae
1173 918 1366 987 scriptis
1407 917 1667 983 aliquando
1686 935 1769 964 ne·-

456 1006 646 1058 queunt
681 989 944 1055 confignari
960 1025 971 1036 .
1001 989 1060 1036 In
1097 989 1414 1037 relationibus
1445 1002 1609 1036 autem
1643 985 1776 1033 nuda

453 1061 501 1109 se
517 1059 859 1108 tantummodo
873 1059 1182 1112 Civitatis,&
1195 1057 1433 1103 Dioecefis
1449 1055 1776 1121 descriptione

456 1130 700 1180 inutiliter
735 1146 792 1176 ne
820 1126 1024 1192 fatigent
1045 1161 1061 1181 ,
1091 1124 1170 1172 sed
1192 1127 1331 1174 utilia
1349 1125 1409 1173 ab
1428 1124 1688 1174 inutilibus
1708 1124 1777 1173 se-

458 1214 727 1255 cernentes,
747 1215 853 1263 quae
874 1200 926 1244 in
946 1211 1114 1242 eorum
1132 1194 1354 1243 Ecclefiis
1374 1195 1431 1241 ad
1448 1194 1548 1242 Dei
1565 1194 1775 1262 gloriam

459 1269 824 1340 propagandam
839 1303 855 1324 ‚
892 1265 1223 1317 Christianam
1241 1265 1558 1332 Religionem
1579 1284 1774 1332 promo-

457 1342 669 1391 vendam
683 1377 699 1398 ,
723 1342 1089 1404 animarumque
1107 1335 1306 1386 salutem
1322 1341 1475 1404 magis
1512 1355 1775 1403 procuran-

458 1413 590 1467 dam,
607 1408 883 1457 deducenda
897 1409 1224 1469 judicaverint
1242 1443 1257 1464 ‚
1277 1409 1403 1456 clare
1419 1444 1434 1464 ‚
1453 1408 1771 1473 breviterque

458 1481 668 1530 referant
688 1515 703 1537 ,
724 1498 775 1526 ac
796 1478 1036 1525 deducant
1056 1497 1067 1524 :
1100 1478 1248 1543 idque
1267 1516 1283 1535 ‚
1302 1494 1355 1526 ut
1376 1477 1568 1525 felicius
1590 1476 1671 1524 fiat
1691 1512 1706 1533 ,
1728 1480 1780 1528 &

458 1548 740 1601 frustuofius
761 1584 777 1605 ‚
815 1547 1089 1595 adamussim
1118 1547 1255 1613 super
1274 1549 1368 1596 hoc
1387 1584 1402 1604 ,
1438 1551 1490 1594 in
1514 1546 1644 1594 calce
1663 1546 1781 1595 dan-

461 1623 573 1671 dam
587 1656 604 1677 ,
628 1618 991 1667 instruffionem
1018 1616 1268 1684 perlegant
1287 1652 1305 1674 ‚
1342 1619 1392 1666 ὃς
1411 1632 1713 1683 exequantur
1728 1652 1740 1662 .

921 1721 1146 1772 CAP.
1219 1721 1311 1770 II.

466 1800 785 1868 ‘Juramentum
804 1831 821 1853 ,
846 1796 958 1843 alias
979 1797 1102 1859 exigi
1110 1792 1290 1858 sblitum
1312 1800 1336 1843 ᾱ
1351 1793 1462 1841 Reis
1482 1790 1777 1839 criminaliter

530 1868 753 1937 inquisitis
772 1902 787 1924 ,
802 1866 901 1914 dum
907 1864 1196 1930 judicialiter
1213 1864 1281 1912 ut}
1301 1864 1578 1929 Principales
1599 1882 1705 1910 exa-

603 1943 829 1989 minantur
847 1972 865 1993 ,
880 1941 927 1984 in
941 1934 1164 2001 pofz'erum
1194 1955 1245 1982 ne
1263 1936 1347 1983 ullo
1368 1934 1487 1984 modo
1509 1933 1638 1982 abiis

673 2011 722 2055 in
766 2023 1020 2074 quocumque
1052 2003 1288 2052 Tribunali
1324 2009 1533 2072 exigatur
1550 2039 1567 2061 ,

722 2077 924 2146 praeftnti
944 2075 1252 2124 constitutione
1269 2075 1511 2125 inhibetur.

466 2182 957 2322 REprehenfibile
981 2183 1193 2247 judicari
1226 2203 1325 2233 non
1352 2182 1526 2239 debet,
1553 2179 1585 2228 fi
1604 2178 1769 2229 secun-

633 2257 751 2305 dum
770 2270 1048 2324 temporum
1073 2258 1328 2304 varietates
1344 2291 1359 2311 ,
1393 2254 1479 2303 ubi
1514 2252 1564 2299 id
1581 2249 1774 2299 necessi-

466 2344 534 2376 tas
552 2361 569 2382 ,
603 2327 683 2378 vel
706 2327 887 2378 utilitas
915 2326 1142 2396 exposcat
1161 2362 1178 2387 ,
1203 2325 1571 2375 consuetudines
1588 2357 1604 2381 ,
1633 2324 1682 2372 ὃς
1698 2321 1768 2368 le-

1693 2407 1778 2459 ges
