2043 2958
127 526 177 558 Pii
191 528 308 561 PP.11.
321 530 408 561 Con-

126 569 252 602 ssitutio
264 572 410 610 refertur,

125 610 219 652 super
243 616 410 647 concessio-

124 663 167 684 ne
203 657 408 689 mediorum-i

123 694 287 729 fruetuum
313 699 408 731 bene-

124 737 271 771 ficiorum
310 742 404 779 primi

124 781 205 810 anni
218 782 249 812 in
263 783 406 814 favorem

125 823 265 855 Ecclefiae
306 826 407 859 Bene-

123 872 292 902 ventanae.

125 1589 325 1624 Constitutfo
341 1592 408 1636 ipsa

124 1632 352 1671 confirmatur.

117 2077 214 2109 Nova
225 2076 405 2110 declaratio

114 2118 261 2159 respmstu
292 2122 404 2154 Colla-

119 2168 228 2194 tol'um
240 2183 251 2195 ι

440 247 541 294 268
906 247 1286 295 Appi-:anx'

437 325 501 355 tur
516 345 527 362 ,
540 322 581 355 ut
597 318 643 356 ab
660 316 842 356 omnibus
859 319 1043 368 perpetuo
1056 317 1339 358 inviolabiliter
1352 319 1602 359 observentur
1614 350 1625 367 ‚
1643 322 1754 372 Apo-‘

435 368 576 407 stolicae
592 368 905 410 confirmationis
927 370 1146 420 patrocinio
1164 371 1391 410 corroborat
1407 399 1419 418 ,
1434 373 1583 420 aliaque
1597 372 1729 413 statuit
1741 402 1755 421 ,

436 421 475 460 &
499 421 676 460 declarat
691 454 703 468 ,
727 431 840 470 prout
861 422 1087 461 earumdem
1106 423 1357 462 Ecclefiarum
1375 424 1605 476 indigentiis
1623 453 1635 471 ‚
1649 438 1760 464 com·

435 473 578 519 modis,
595 474 633 511 ἃ
648 472 885 514 utilitatibus
900 475 1082 525 conspicit
1098 475 1138 514 in
1155 475 1332 514 Domino
1346 475 1550 515 salubriter
1566 477 1759 527 expedire.

437 525 550 564 Alias
566 525 755 576 fiquidem
776 526 840 565 fel.
857 539 932 567 rec.
950 526 1038 566 Pius
1053 527 1155 577 Papa
1175 526 1224 566 11.
1253 527 1501 567 Praedeceffor
1511 528 1651 568 Noster
1668 555 1680 574 ‚
1694 540 1762 578 per

438 578 652 626 quamdam
666 580 744 624 ejus
760 578 1160 624 Constitutionem,ab
1180 592 1226 618 eo
1240 580 1403 626 editam,
1418 580 1548 619 favore
1564 581 1733 619 Ecclefiae
1746 608 1759 628 ,

438 629 477 668 δε
490 628 680 669 Civitatis
695 631 974 670 Beneventanae
987 658 999 676 ,
1025 630 1089 668 sub
1103 631 1252 670 Datum
1269 632 1441 672 Mantuae
1455 645 1558 671 anno
1576 633 1760 672 lucarna-

438 681 558 720 tionis
575 682 793 721 Dominicae
807 683 1019 721 millesimo
1030 682 1418 734 quadringentesimo
1441 685 1760 736 quinquagesimo

438 745 557 779 nono,
570 734 696 774 Nonis
714 734 954 785 Septembris
971 761 982 779 ‚
996 732 1251 773 Pontificatus
1267 735 1321 772 sui
1336 747 1439 774 anno
1453 736 1618 775 secundo
1631 764 1641 782 ‚
1659 736 1760 775 inter

437 794 566 825 cetera
581 788 714 826 statuit
730 814 742 831 ‚
757 787 940 836 disposuit
956 813 967 832 ‚
981 786 1020 825 δέ
1036 786 1227 832 decrevit,
1243 788 1345 837 quod
1362 800 1499 827 omnes
1513 789 1625 838 primi
1639 788 1760 827 medii

433 837 578 877 frucffus
607 837 890 878 Beneficiorum
906 838 1258 878 Ecclefiastieorum
1278 867 1289 884 ,
1315 852 1384 888 pro
1410 849 1586 890 tempore
1600 851 1761 882 ‚vacan-

434 890 551 934 tium‚
567 891 741 929 Ecclefiae
756 890 1040 928 Beneventanae
1058 892 1180 933 (cujus
1197 890 1323 928 adhuc
1341 892 1666 940 Archiepiscopus
1682 892 1761 930 exi-

434 940 570 980 stimus
586 947 601 987 )
628 942 692 990 qui
716 942 738 979 a
758 953 826 989 pro
843 950 1020 989 tempore
1036 939 1221 978 existente
1238 941 1544 991 Archiepiscopo
1560 943 1760 982 Beneven-

435 1000 531 1031 tano
554 993 865 1042 percipiebantur
881 1018 892 1035 ‚
924 990 964 1028 in
988 991 1280 1038 reparationem
1295 1018 1307 1035 ,
1335 993 1522 1031 fabricam
1539 1021 1550 1038 ‚
1573 995 1611 1033 &
1639 1006 1760 1042 augu-

434 1047 724 1083 mentationem
739 1042 849 1079 dic‘tae
863 1040 1330 1095 EcclesiaeBeneventanae
1346 1070 1357 1087 ,
1379 1045 1488 1088 iuxta
1507 1044 1672 1090 ejusdem
1689 1057 1758 1092 pro

435 1102 613 1144 tempore
643 1093 839 1134 existentis
857 1090 1174 1141 Archiepiscopi,
1198 1104 1243 1131 ac
1271 1094 1381 1132 unius
1397 1096 1562 1140 ejusdem
1586 1097 1761 1136 Ecclesiae

434 1147 720 1187 Beneventanae
735 1143 928 1186 Canonici
944 1143 1165 1189 arbitrium,
1176 1145 1354 1183 converti
1367 1146 1546 1188 debeant.
1568 1148 1650 1187 Nos
1666 1162 1763 1188 con·

434 1198 648 1239 siderantes
663 1227 672 1242 ‚
687 1197 886 1249 praefatam
903 1193 962 1234 Pii
978 1194 1258 1235 Praedecess'oris
1270 1196 1604 1240 constitutionem
1617 1229 1628 1246 ‚
1645 1213 1761 1239 com-

434 1251 598 1290 modum
610 1279 622 1297 ‚
642 1250 856 1290 utilitatem
871 1277 883 1295 ‚
911 1247 948 1285 ὅ(
971 1247 1258 1287 incrementum
1276 1251 1434 1300 praefatae
1449 1253 1621 1291 Ecclefiae
1636 1253 1758 1292 Bene—

435 1310 613 1341 ventanae
627 1301 871 1349 summopere
885 1311 1120 1337 concernere
1134 1315 1149 1340 ,-
1176 1313 1218 1339 ac
1232 1303 1428 1350 cupientes
1443 1304 1549 1343 illam
1562 1307 1758 1355 perpetuis

433 1354 576 1393 futuris
594 1353 835 1404 temporibus
859 1352 1033 1400 semper,
1059 1348 1098 1387 δὲ
1113 1351 1392 1393 inviolabiliter
1403 1355 1597 1394 observari
1613 1384 1623 1401 ‚
1640 1368 1683 1394 ac
1702 1358 1758 1396 Pii

436 1406 721 1446 Praedecefforis
733 1404 879 1455 praefati
893 1403 1191 1442 constitutionis
1205 1431 1216 1448 ,
1229 1405 1386 1455 desuper
1401 1407 1527 1453 editae,
1543 1409 1759 1453 hujusmodi

435 1465 594 1498 tenores
608 1487 619 1505 ‚
646 1458 767 1498 etiam
794 1456 967 1496 veriores
984 1481 996 1500 ,
1023 1453 1264 1503 praesentibus
1279 1469 1348 1506 pro
1365 1459 1544 1507 expreffis
1558 1462 1751 1509 habentes

434 1509 553 1549 Motu
568 1512 749 1559 proprio,
778 1520 855 1547 non
871 1508 919 1547 ad
938 1507 1115 1552 alicujus,
1136 1506 1260 1546 Nobis
1274 1508 1381 1559 super
1398 1512 1471 1549 hoc
1492 1513 1644 1556 oblatae,
1658 1514 1756 1561 peti-

435 1561 555 1601 tionis
580 1562 830 1605 instantiam‚
850 1560 914 1599 sed
943 1572 990 1599 ex
1019 1569 1123 1597 „nera
1151 1559 1311 1600 scientia
1326 1588 1338 1607 ‚
1371 1562 1495 1612 deque
1524 1565 1755 1614 Apostolicae

435 1615 637 1662 potestatis
659 1610 899 1664 plenitudine
917 1640 930 1658 ‚
952 1611 1239 1660 dispositionem
1253 1639 1264 1656 ,
1294 1613 1332 1650 Sc
1349 1613 1549 1654 decretum
1563 1616 1758 1661 hujusmo-

433 1663 489 1710 di,
502 1664 728 1714 Apostolica
741 1662 988 1705 alletoritate,
1003 1671 1141 1701 tenore
1155 1663 1392 1712 praesentium
1408 1670 1594 1716 perpetu'o
1610 1668 1756 1707 confir·

432 1727 589 1755 mamus
602 1743 613 1762 ‚
628 1716 949 1766 &approbamus‚
964 1714 1098 1762 illique
1114 1724 1301 1764 perpetuae
1314 1745 1325 1761 ‚
1339 1717 1629 1758 &inviolabilis
1648 1721 1756 1770 Apo-

432 1767 572 1806 stolicae
588 1767 791 1806 firmitatis
806 1769 923 1806 robur
935 1766 1140 1812 adjicimus
1156 1778 1166 1804 ε
1183 1778 1226 1804 ac
1240 1767 1525 1816 dispofitionem
1543 1798 1554 1815 ‚
1568 1772 1605 1810 ὃ(
1620 1771 1756 1811 decre-

431 1826 517 1857 tum
532 1819 748 1865 hujusmodi
762 1817 1092 1869 comprehendere
1115 1818 1248 1857 omnia
1268 1819 1459 1859 Beneficia
1477 1822 1755 1871 Ecclefiastica,

432 1877 517 1909 tam
528 1872 749 1911 collationis
761 1870 1067 1921 Archiepiscopi‚
1080 1870 1195 1920 quam
1209 1870 1396 1921 Capituli,
1411 1873 1449 1912 δε
1462 1873 1755 1916 Canonicorum

431 1921 545 1961 dietae
562 1924 732 1963 Ecclefiae
749 1924 1033 1964 Beneventanae
1049 1950 1060 1968 ‚
1084 1923 1148 1961 vel
1165 1922 1359 1970 Abbatis‚
1385 1925 1433 1962 de
1450 1923 1584 1964 Paduli
1601 1939 1752 1966 nuncu-

431 1973 540 2025 pati,
568 1985 633 2014 aut
648 1976 806 2016 alterius
833 1976 1100 2024 cujuscumque
1126 1975 1317 2014 inferioris
1332 1977 1547 2016 Collatoris
1573 1991 1640 2027 pro
1654 1988 1755 2018 tem·-

432 2038 525 2075 pore
549 2028 795 2066 existentium
808 2054 820 2072 ‚
834 2028 882 2066 ab
897 2028 951 2065 eis
966 2026 1203 2065 conferenda
1217 2054 1228 2071 ,
1241 2027 1466 2067 cessantibus
1483 2030 1753 2069 reservationi-

432 2078 504 2116 bus
518 2105 529 2123 ,
544 2080 582 2118 δε
597 2077 862 2118 affeffionibus
881 2078 1119 2127 Apostolicis
1135 2093 1149 2118 ,-
1165 2090 1241 2116 non
1260 2088 1391 2119 tamen
1410 2080 1599 2120 Beneficia
1617 2083 1751 2122 Eccle-

434 2130 593 2175 fiastica,
610 2129 850 2179 dispositioni
868 2130 1099 2179 Apostolicae
1116 2130 1305 2170 reservata
1320 2159 1332 2177 ‚
1348 2134 1411 2171 vel
1433 2133 1566 2172 affecta
1582 2162 1593 2179 ‚
1620 2134 1752 2174 dicta..-

433 2181 661 2232 Apostolica
686 2183 919 2221 auctoritate
947 2181 1189 2221 declaramus
1204 2210 1212 2220 .
1242 2183 1445 2224 Praesentes
1471 2198 1620 2236 quoque
1644 2187 1752 2225 nullo

430 2245 605 2284 unquam
621 2242 797 2284 tempore
814 2235 862 2273 de
875 2235 1127 2284 subreptionis
1144 2263 1155 2279 ‚
1175 2234 1413 2286 obreptionis
1426 2265 1438 2284 ‚
1454 2238 1642 2277 nullitatis
1659 2266 1669 2283 ,
1682 2247 1749 2277 aut

430 2284 692 2325 invaliditatis
708 2287 806 2325 vitio
818 2314 828 2332 ,
843 2286 904 2325 seu
920 2287 1148 2326 intentionis
1162 2287 1306 2326 Nostrae
1320 2317 1331 2334 ,
1355 2299 1420 2329 aut
1437 2290 1571 2339 quovis
1585 2291 1665 2328 alio
1681 2291 1750 2329 de-

429 2338 535 2376 fecstu
551 2363 560 2379 ‚
575 2340 825 2387 quantumvis
840 2350 1008 2390 magum
1034 2339 1300 2391 inexcogitato
1314 2369 1325 2385 ‚
1339 2343 1376 2381 δέ
1396 2339 1657 2387 substantiali,
1683 2351 1749 2382 aut

428 2399 476 2429 ex
492 2400 739 2441 quocumque
758 2391 837 2432 alio
852 2390 980 2443 capite
993 2393 1038 2440 ,a
1054 2394 1161 2441 jure,
1185 2393 1361 2433 velfacsto
1373 2421 1387 2442 ,
1414 2395 1633 2435 autstatuto
1647 2423 1658 2440 ‚
1686 2395 1750 2434 vel

1652 2458 1752 2486 con·
