2043 2958
583 238 896 291 Τιτυιυς
949 236 1155 287 XVII.
1462 251 1524 296 73

648 358 696 409 C
731 358 785 408 A
821 357 875 408 P.
950 356 1072 406 III.

203 474 427 544 Abftntiae
433 475 703 544 ficulnus,
709 493 794 545 per
813 477 931 545 ufitm
940 475 1085 543 sblitae
1106 472 1326 543 Epifiopis
1340 471 1533 532 concedi,

363 552 412 598 in
434 547 780 618 Congrcgatione
796 556 930 616 super
964 547 1268 614 Epz'sc'opomm
1300 563 1375 592 νε-

495 620 698 689 sidentia
718 619 910 688 expendi
929 619 1199 669 mandantur
1215 652 1228 664 .

326 735 523 786 Rovide
562 757 676 787 cum
708 737 943 788 nonnulla
957 772 974 795 ,
1011 735 1280 785 secundum
1312 734 1414 785 loca
1434 771 1451 793 ,
1480 737 1531 786 ὃ(

348 809 845 875 tempora,indulgeat
864 808 1008 857 Sedes
1026 806 1330 873 Apostolica‚
1348 805 1530 871 quibus

205 883 441 935 mutatis,
479 877 691 926 concessa
715 883 818 940 jam
847 881 900 924 in
929 874 1301 924 aedificationem
1317 910 1334 932 ‚
1365 879 1418 923 in
1450 875 1533 924 de-

206 946 523 997 structionem
544 948 816 1017 probentur
832 946 946 996 inde
966 947 1189 1016 permitti
1208 965 1219 993 ε
1240 945 1531 995 mandamus

208 1022 439 1083 quocirca
454 1053 470 1074 ,
492 1035 543 1067 ut
557 1055 572 1076 ‚
594 1018 925 1083 Synodalibus
944 1017 1078 1066 hisce
1099 1015 1358 1083 completis
1379 1016 1529 1065 aclio-

209 1088 354 1135 nibus
374 1123 389 1144 ,
426 1092 655 1155 antiquus
688 1092 740 1136 in
757 1087 1155 1156 Congregatione
1175 1085 1316 1153 super
1337 1086 1533 1153 Episco-

208 1175 390 1224 porum
412 1156 664 1206 residentia
685 1159 988 1222 expendatur
1008 1155 1364 1221 Episcoporum
1385 1156 1533 1205 Cata-

212 1227 353 1291 logus
374 1262 390 1283 ,
428 1225 607 1293 quibus
644 1225 857 1275 licentiae
891 1225 990 1274 fere
1021 1242 1105 1291 per
1139 1226 1275 1272 usum
1291 1260 1307 1282 ,
1346 1229 1534 1274 recenti

204 1296 340 1345 nulla
361 1297 574 1364 exposita
591 1297 858 1347 necestitate
877 1331 892 1354 ,
912 1296 1086 1345 aestivis
1108 1293 1377 1363 praesertim
1396 1331 1412 1353 ,
1450 1295 1534 1345 veI

212 1368 577 1418 autumnalibus
605 1367 910 1436 temporibus
932 1404 947 1426 ,
987 1382 1039 1415 ut
1076 1365 1163 1434 ipsl
1181 1401 1196 1423 ,
1233 1369 1375 1434 pravi
1408 1370 1531 1416 aeris

210 1455 456 1506 praetextu
470 1475 487 1498 ,
507 1439 600 1487 suis
629 1440 688 1489 ab
709 1437 931 1489 Ecclefiis
948 1436 1100 1487 absmt
1119 1471 1136 1493 ,
1159 1437 1497 1487 conceduntur
1515 1457 1532 1497 3

212 1511 258 1559 ἃ
279 1509 309 1556 s1
345 1510 466 1576 quid
484 1509 629 1558 fuerit
650 1514 703 1558 in
721 1528 778 1558 eo
797 1509 1003 1577 dignum
1036 1506 1338 1557 correctione
1370 1526 1534 1576 reper-

210 1594 349 1637 tum,
380 1581 437 1628 ad
457 1598 605 1648 grave
622 1580 872 1629 Pastoralis
911 1578 1173 1627 refidentiae
1203 1577 1426 1627 debitum
1458 1596 1534 1626 re-

205 1648 522 1708 stituendum,
535 1649 749 1712 ejusdem
765 1649 1177 1717 Congregationis
1197 1645 1435 1697 sententia
1455 1666 1533 1697 ca-

209 1723 389 1769 nonice
408 1726 683 1792 corrigatur
700 1757 718 1780 ‚
745 1722 795 1772 ὃ(
810 1723 1099 1771 emendetur
1112 1754 1124 1767 .

668 1860 717 1910 C
752 1859 805 1908 A
841 1859 898 1909 P.
970 1860 996 1908 I
1012 1861 1078 1910 V.

213 1964 250 2014 S
252 1965 372 2032 tylus
391 1963 756 2034 Congregationis
777 1964 966 2015 Concilii
981 1969 1031 2014 in
1045 1967 1292 2033 hujusmodi
1311 1966 1532 2035 Epifiopis

425 2036 688 2086 concedendo
722 2037 929 2086 licentias
949 2038 1270 2088 commendatur
1305 2073 1316 2084 .

214 2141 410 2279 AD
443 2141 546 2191 haec
566 2140 863 2193 laudabilem
880 2142 1103 2194 Concilii
1120 2144 1531 2213 Congregationis

394 2213 577 2279 stylum
600 2250 615 2272 ‚
652 2212 901 2264 facultates
936 2213 1122 2265 scilicet
1158 2215 1437 2280 hujusmodi
1473 2217 1533 2264 ad

216 2301 427 2350 quatuor
446 2283 632 2334 menses
653 2286 992 2354 impertiendi,
1011 2306 1125 2336 cum
1141 2286 1368 2345 clausula,
1387 2288 1531 2335 tribus

214 2370 365 2406 tamen
383 2356 703 2411 Conciliaribus
736 2358 1042 2426 comprehensts
1058 2394 1077 2419 ,
1105 2364 1308 2410 omnino
1332 2358 1532 2412 servan-

951 2428 997 2480 K
1416 2428 1535 2477 dum
