2043 2958
409 224 509 282 236
873 221 1251 271 AppeNome

404 320 431 339 ‚‚
461 305 537 330 non
566 290 763 330 retardata
788 297 922 329 tamen
938 293 1098 333 interim
1115 295 1278 333 illarum
1295 294 1550 339 executione,
1575 295 1672 335 adeo
1690 303 1732 334 ut

405 372 432 391 ‚,
462 354 551 382 ante
569 342 782 388 hujusmodi
802 344 1077 384 executionem
1104 359 1172 384 nec
1187 346 1287 385 ullus
1305 345 1471 383 recursus
1495 345 1540 383 ad
1554 348 1733 386 eamdem

408 424 435 442 „
463 396 829 445 congregationem
846 395 1120 436 cardinalium
1143 426 1153 443 ‚
1170 409 1240 437 nec
1256 397 1334 435 ulla
1349 397 1455 444 super
1469 397 1602 446 quovis
1617 398 1734 436 dubio

410 475 437 493 „
466 448 699 486 consultatio
719 449 942 496 promoveri
964 449 1083 499 possit
1099 479 1108 487 .
1139 447 1324 490 Decretis
1340 449 1433 487 vero
1447 475 1458 493 ‚
1487 449 1523 486 cx·
1551 449 1738 488 Declara-

412 525 440 545 „
469 499 653 544 tionibus,
667 501 688 537 a
702 500 878 549 praedicta
893 499 1212 552 Congregatione
1227 499 1428 544 faciendis,
1444 500 1637 549 postquam
1651 500 1741 538 No-

409 577 438 597 „
465 553 538 589 stra
554 578 565 596 ,
587 561 652 589 aut
670 550 837 589 Romani
868 552 1070 592 Pontificis
1096 567 1164 604 pro
1182 562 1357 602 tempore
1385 550 1581 590 existentis
1598 563 1735 601 appro-

410 629 438 648 „
464 601 576 641 batio
602 604 823 644 accefferits
856 605 985 643 statim
1011 616 1261 655 quaecumque
1279 604 1535 648 reclamatio,
1561 611 1625 641 aut
1642 615 1739 643 con-

409 680 438 700 „
467 654 623 692 sultano
645 655 808 693 omnino
831 655 971 694 cessare
986 685 997 702 ‚
1029 666 1332 707 perpetuumque
1359 655 1553 694 silentium
1581 655 1734 704 desuper

409 732 438 752 „
465 706 687 756 impofitum
703 707 847 745 censeri
863 706 1002 747 debeat
1024 738 1032 747 .

516 785 544 803 „
573 759 836 798 Decernentes
854 786 865 804 ,
881 760 1025 810 pariter
1051 761 1203 800 easdem
1222 760 1570 809 praesentesliteras
1597 760 1738 809 semper

413 835 441 855 ‚‚
468 808 597 847 sirmas
612 837 623 855 ,
647 811 794 850 validas
811 838 822 856 ‚
837 812 875 851 ὀί
889 811 1066 852 efficaces
1085 815 1242 852 existere
1259 839 1270 856 ‚
1298 813 1335 851 ἃ
1352 812 1433 850 fore
1449 839 1461 857 ‚
1487 813 1640 860 suosque
1656 813 1740 862 ple·-

415 887 445 906 ‚,
474 861 599 898 nai-ios
618 888 629 906 ‚
650 862 688 899 Sc
704 863 877 913 integros
893 862 1050 903 effeetus
1066 865 1192 902 sortiri
1210 890 1219 907 ,
1235 867 1272 901 &L
1291 864 1468 900 obtinere
1485 890 1495 906 ,
1516 875 1558 900 ac
1574 863 1649 901 illis
1662 889 1673 908 ,
1690 861 1739 900 ad

415 938 443 957 ,‚
472 924 568 962 quos
587 912 728 961 specstat
746 942 757 960 ,
779 920 817 953 ὀί
843 926 911 963 pro
931 923 1108 965 tempore
1124 914 1444 964 quandocumque
1457 916 1640 963 spectabit
1657 941 1668 958 ‚
1699 914 1739 950 in

418 989 446 1009 „
475 964 656 1002 omnibus
671 991 682 1009 ,
697 967 734 1005 &
752 977 817 1014 per
831 964 965 1005 omnia
979 965 1189 1017 plenissime
1204 964 1398 1012 suffragari
1413 993 1424 1010 ‚
1435 967 1474 1004 ὃς
1489 968 1533 1002 ab
1548 966 1601 1002 eis
1618 965 1742 1012 respe-

418 1041 446 1060 ‚,
475 1015 577 1053 &ive
595 1015 875 1055 inviolabiliter
887 1044 899 1061 ,
914 1017 1186 1055 &inconcusse
1201 1015 1396 1054 observari
1413 1016 1552 1053 debere
1570 1026 1586 1056 ⁷,-
1603 1016 1741 1063 ficque,

419 1093 446 1111 „
476 1067 514 1105 8<
532 1078 608 1104 non
625 1067 735 1104 aliter
751 1078 816 1116 per
832 1067 1088 1118 quoscumque
1101 1070 1119 1118 J
1131 1065 1258 1104 udices
1273 1065 1505 1112 ordinarios,
1528 1074 1559 1105 ἃ
1578 1066 1740 1117 delega-

421 1144 448 1162 ‚‚
478 1126 538 1156 tos
555 1144 566 1162 ,
583 1118 703 1156 etiam
722 1118 934 1158 Causarum
950 1120 1088 1159 Palatii
1106 1115 1322 1167 Apostolici
1340 1117 1569 1164 Auditores‚
1585 1130 1628 1155 ac
1644 1117 1739 1164 ejus-

421 1195 449 1214 „
478 1169 567 1207 dem
585 1170 730 1208 sanetae
748 1170 929 1209 Rornanae
941 1172 1114 1210 Ecciefiae
1127 1170 1356 1209 Cardinales
1369 1196 1379 1214 ‚
1399 1170 1517 1208 etiam
1532 1170 1580 1208 de
1598 1170 1740 1209 Latere

422 1247 448 1271 ,2
478 1221 647 1269 Legatos
662 1249 673 1267 ‚
696 1233 739 1259 ac
756 1222 861 1261 Sedis
878 1223 1042 1273 praefatae
1057 1222 1226 1261 Nuntios
1238 1249 1249 1267 ,
1266 1221 1410 1259 aliosve
1427 1222 1632 1271 quoslibet,
1650 1233 1745 1270 qua-

425 1299 452 1317 ,‚
480 1284 646 1321 cumque
674 1275 966 1322 praeeminentia
983 1302 995 1320 ‚
1021 1275 1058 1313 δ’,
1077 1275 1262 1322 potestate
1277 1273 1481 1323 fungentes
1498 1299 1508 1318 ,
1538 1274 1576 1313 &
1589 1274 1744 1310 functu-

423 1349 453 1369 ,‚
483 1335 569 1369 ros,
593 1324 738 1363 sublata
762 1326 815 1363 eis
830 1355 841 1370 ‚
866 1328 904 1364 ὃς
919 1338 1053 1364 eorum
1071 1326 1228 1364 cuilibet
1243 1324 1376 1373 quavis
1391 1326 1503 1363 aliter
1519 1324 1743 1370 judicandi,

427 1402 454 1421 ,‚
487 1375 519 1412 ἃ
544 1375 827 1425 interpretandi
846 1377 1033 1416 facultate
1049 1405 1059 1422 ‚
1083 1377 1121 1415 δέ
1136 1376 1369 1414 authoritate
1382 1374 1543 1425 ,ubique
1556 1375 1716 1420 judicari
1730 1404 1741 1422 ,

428 1453 456 1472 ‚‚
486 1427 523 1466 δέ
541 1427 692 1465 definiri
707 1427 847 1467 debere
862 1443 875 1468 ,-
905 1441 948 1466 ac
964 1430 1118 1468 irritum
1134 1455 1145 1472 ‚
1164 1427 1200 1464 ὀί
1216 1428 1330 1464 inane
1345 1454 1356 1471 ‚
1371 1429 1397 1466 fi
1412 1428 1512 1466 secus
1529 1428 1633 1477 super
1650 1429 1706 1466 his
1719 1430 1742 1467 ἐι

428 1504 455 1523 ,,
482 1490 678 1527 quoquam
694 1481 828 1528 quavis
844 1478 1078 1519 auctoritate
1094 1479 1280 1525 scienter,
1300 1479 1362 1516 vel
1377 1479 1599 1529 ignoranter
1617 1478 1746 1518 conti—-

429 1556 457 1575 „
484 1531 584 1579 gerit
609 1532 818 1570 attentari.

535 1609 562 1627 ,‚
591 1583 680 1620 Non
699 1582 940 1623 obstantibus
956 1584 1146 1634 praemiffis
1160 1612 1170 1630 ,
1200 1597 1243 1622 ac
1259 1593 1447 1633 quatenus
1466 1596 1557 1632 opus
1572 1584 1618 1620 fit
1631 1611 1641 1628 ‚
1656 1583 1745 1622 No·-

430 1657 457 1677 „
487 1634 560 1671 stra
578 1659 588 1676 ,
613 1634 648 1673 &
666 1633 920 1674 Cancellariae
936 1637 1168 1686 Apostolicae
1185 1638 1314 1686 regula
1330 1637 1474 1682 dejure
1487 1638 1643 1685 quaefito
1666 1647 1743 1674 non

431 1709 458 1728 ,‚
488 1684 662 1722 tollendo
677 1712 688 1730 ‚
701 1686 857 1735 aliisque
871 1687 1236 1731 constitutionibus,
1253 1687 1289 1724 ἃ.
1304 1687 1627 1726 Ordinationibus
1642 1688 1749 1735 Apo—-

433 1761 460 1780 „
490 1734 631 1774 stolicis
645 1764 655 1781 ,
683 1748 834 1776 necnon
862 1750 1193 1786 quorumcumque
1217 1739 1410 1777 Ordinum
1427 1766 1438 1784 ‚
1465 1738 1751 1790 Congregatio-

435 1813 463 1832 „
493 1799 583 1825 num
602 1815 612 1831 ,
628 1789 896 1827 Institutorum
913 1816 924 1835 ,
941 1791 979 1829 &
992 1791 1244 1834 Societatum,
1259 1791 1376 1828 etiam
1392 1791 1495 1841 Jesu,
1513 1789 1550 1827 8<
1567 1802 1750 1837 quorum-

433 1864 462 1883 „
490 1838 547 1876 vis
564 1839 897 1880 Monasteriorum
913 1868 923 1885 ‚
938 1841 1215 1880 conventuum
1231 1868 1243 1886 ‚
1261 1842 1511 1880 Ecclesiarum
1532 1868 1542 1885 ,
1560 1841 1751 1880 Locorum

435 1915 462 1934 ‚,
493 1890 642 1939 piorum
656 1919 667 1936 ‚
691 1890 827 1931 aliisve
843 1892 1036 1942 quibusvis
1049 1892 1167 1930 etiam
1180 1895 1402 1938 juramento
1418 1920 1428 1937 ,
1452 1892 1750 1931 confirmatione

434 1965 463 1986 2,
491 1942 716 1990 Apostolica
734 1970 744 1987 ‚
760 1953 825 1982 aut
843 1945 975 1992 quavis
989 1945 1180 1982 firmitate
1197 1945 1272 1982 alia
1288 1946 1494 1990 roboratis,
1514 1945 1675 1983 Statutis
1690 1972 1700 1989 ,
1714 1945 1752 1983 ἃ.

434 2017 462 2038 ,,
492 1993 827 2033 consuetudinibus
841 2022 851 2039 ,
864 2007 908 2033 ac
922 1993 1266 2044 praescriptionibus
1281 2025 1292 2042 ,
1304 2006 1659 2046 quantumcumque
1670 1997 1757 2034 lon-

434 2070 461 2089 „
491 2043 648 2092 giffimis
663 2072 673 2089 ‚
688 2046 725 2084 Sc
742 2046 1117 2085 immemorabilibus
1135 2075 1145 2091 ,
1162 2046 1376 2097 Privilegiis
1392 2060 1556 2098 quoque,
1573 2048 1750 2092 indultis,

435 2121 463 2140 ,‚
493 2096 530 2133 &
543 2093 682 2133 Literis
697 2097 928 2145 Apostolicis
944 2125 954 2143 ‚
970 2098 1182 2136 Ordinibus
1196 2126 1206 2143 ,
1226 2098 1605 2149 Congregationibns
1620 2128 1631 2145 ,
1643 2099 1755 2137 Insti-

435 2172 463 2191 „
493 2146 584 2183 tutis
600 2174 611 2191 ‚
637 2147 673 2185 &t
690 2148 948 2187 Societatibus
965 2176 976 2193 ,
1001 2149 1120 2187 etiam
1146 2150 1236 2199 Jesu
1253 2178 1265 2195 ‚
1292 2164 1336 2189 ac
1354 2152 1598 2189 Monasteriis
1612 2178 1623 2196 ‚
1643 2150 1756 2189 Con-

436 2223 465 2244 „
494 2198 677 2236 ventibus
692 2226 703 2243 ,
720 2198 898 2237 Ecclcfiis
919 2227 930 2246 ,
943 2200 981 2238 &
998 2201 1109 2239 Locis
1129 2202 1199 2252 piis
1214 2202 1400 2250 praedic‘iis
1415 2231 1426 2249 ‚
1453 2205 1681 2251 illorumque
1697 2215 1758 2239 re-

434 2275 461 2295 „
491 2249 653 2305 spective
671 2250 945 2306 mSuperioribus
962 2279 973 2297 ‚
999 2252 1132 2290 aliisve
1160 2254 1393 2310 quibuslibet
1415 2255 1603 2304 personis,
1631 2255 1753 2292 etiam

434 2327 463 2345 ‚,
494 2301 753 2349 specialiflima
773 2304 978 2342 mentione
994 2303 1135 2352 dignis,
1153 2305 1217 2342 sub
1233 2307 1528 2354 quibuscumque
1544 2306 1752 2342 verborum

435 2378 464 2399 ‚,
492 2353 690 2393 tenoribus
703 2380 715 2400 ,
742 2353 780 2393 ἃ
794 2353 931 2394 formis
947 2381 958 2401 ,
981 2366 1024 2394 ac
1038 2368 1126 2395 cum
1141 2356 1332 2406 quibusvis
1346 2357 1462 2396 etiam
1476 2354 1744 2406 derogatoria-

1663 2419 1749 2445 rum
