2043 2958
473 240 499 270 2
756 217 1418 270 C0N01211R0MAN1

468 295 561 340 mis
579 327 595 348 ‚
633 290 990 340 &inviolatam
1009 288 1067 338 ab
1081 288 1310 338 omnibus
1332 288 1590 338 tenendam
1612 327 1628 347 ,
1653 303 1798 358 atque

469 362 831 412 custodiendam
869 361 1180 410 decernentes
1216 397 1233 419 ‚
1277 361 1547 427 mysticum
1586 362 1801 424 ejusdem

468 433 636 483 nostrae
680 433 793 482 fidei
843 431 1215 482 fundamentum
1253 470 1266 490 ‚
1312 432 1453 500 supra
1491 432 1626 501 quod
1661 451 1804 481 nemo

467 506 600 554 aliud
620 524 799 573 ponere
821 505 974 573 potest
989 542 1003 563 ,
1019 503 1185 570 Jesum
1202 504 1459 555 Christum
1475 541 1491 562 ,
1513 505 1806 554 Dominum

464 577 699 625 Nostrum
720 614 734 634 ,
773 576 1113 634 obsecramus,
1151 597 1210 625 ne
1247 595 1463 644 unquam
1493 576 1672 624 nostris
1706 573 1804 638 ipse

463 646 605 696 malis
626 647 832 694 offensus
850 683 867 704 ,
896 647 1033 695 velut
1065 648 1186 696 olim
1224 652 1276 691 in
1295 647 1410 692 navi
1431 645 1707 691 dormitare
1729 646 1805 689 vi-

465 720 634 766 deatur
654 755 670 775 ,
704 716 783 766 sed
804 715 982 785 sponsae
1000 717 1092 764 suae
1113 714 1331 764 Ecclesrae
1361 712 1570 763 vocibus
1612 713 1804 781 semper

466 794 706 838 excitatus
722 825 738 846 ‚
765 788 1054 856 semperque
1074 787 1258 836 erectus
1280 823 1295 845 ,
1326 790 1379 834 in
1400 784 1608 834 brachio
1643 790 1804 833 virtu-

466 864 529 908 tis
552 860 642 908 suae
662 865 760 923 ejus
781 859 1024 928 disperdat
1042 862 1272 907 inimicos
1291 895 1306 916 ,
1342 856 1602 923 ventisque
1631 855 1799 924 super-

465 931 559 979 biae
580 969 595 988 ,
631 935 852 999 marique
883 931 1213 980 inconstantiae
1246 936 1458 997 imperet
1479 966 1494 986 ‚
1527 927 1800 995 cessentque

467 1002 797 1068 tempestates:
830 1001 1032 1050 haereses
1064 1001 1204 1050 tollat
1224 1037 1240 1057 ,
1275 1001 1388 1049 falsa
1422 1002 1649 1067 dogmata
1678 998 1804 1046 diffi-

467 1087 550 1138 pet
568 1107 583 1128 ,
613 1074 661 1121 ἃ
696 1070 1039 1139 Apostolicam
1062 1086 1239 1119 navem
1274 1083 1379 1116 tuta
1398 1068 1587 1136 semper
1606 1069 1802 1118 statione

464 1141 722 1190 conservet
742 1176 753 1187 .
783 1141 990 1188 Interim
1009 1175 1026 1197 ‚
1058 1154 1111 1187 ut
1127 1143 1187 1186 iis
1203 1173 1219 1195 ,
1254 1143 1340 1204 qui
1361 1140 1505 1186 corde
1522 1143 1573 1186 in
1590 1137 1683 1187 fide
1703 1139 1803 1207 ipsa

466 1213 599 1261 firmi
620 1211 728 1260 sunt
747 1247 763 1268 ,
795 1212 844 1259 ὃ(
873 1210 1063 1258 stabiles
1097 1210 1154 1257 ad
1180 1210 1451 1270 justitiam,
1485 1228 1568 1257 ore
1604 1210 1802 1277 insuper

467 1282 688 1332 consessio
707 1282 789 1330 fiat
808 1280 865 1328 ad
884 1279 1088 1329 salutem
1108 1299 1122 1338 ;
1142 1280 1428 1330 Tridentini
1450 1280 1551 1327 Nos
1575 1280 1797 1329 Concilii

207 1381 278 1423 Saff-
296 1347 352 1425 ᾗ
377 1384 444 1419 deu
468 1355 664 1403 decreto
695 1362 709 1378 ³
730 1354 1022 1400 inhaerentes
1043 1386 1059 1407 ‚
1095 1349 1249 1418 ipsam
1277 1351 1392 1398 fidei
1423 1349 1798 1417 profeflionem„

207 1424 260 1473 ref
280 1440 409 1477 cap—12·
469 1425 648 1473 eisdem
667 1423 833 1471 verbis
852 1456 868 1476 ,
901 1421 1080 1486 quibus
1099 1456 1115 1477 ,
1141 1427 1285 1481 juxta
1314 1419 1524 1470 formam
1552 1440 1576 1468 a
1600 1420 1679 1469 sel.
1703 1440 1795 1470 rec.

301 1502 323 1557 ζ)
467 1497 554 1545 Pio
570 1496 696 1562 Papa
714 1493 804 1542 IV.
827 1490 1163 1560 praescriptam
1183 1493 1198 1515 ‘²
1214 1528 1230 1549 ,
1256 1493 1358 1541 Nos
1376 1492 1568 1559 ipsimet
1583 1528 1598 1549 ‚
1625 1494 1674 1542 &
1694 1497 1798 1540 uni-

208 1548 447 1639 Zssst'fg‘gfg
465 1566 599 1617 versa
620 1565 847 1632 Synodus
883 1560 1024 1624 hujus
1043 1565 1187 1609 initio
1207 1563 1427 1612 Concilii
1449 1563 1653 1629 publice
1674 1582 1798 1630 prae-

464 1639 674 1687 stitimus
695 1672 711 1694 ,
742 1638 790 1686 ὃς
821 1632 1100 1682 solemniter
1122 1631 1312 1700 professi
1332 1632 1492 1681 sumus
1511 1669 1529 1690 ‚
1564 1632 1624 1681 ab
1642 1633 1793 1683 infra-

463 1709 689 1776 scriptis,
719 1705 802 1755 suo
822 1705 932 1754 loco
951 1740 966 1762 ,
998 1705 1048 1753 &
1070 1718 1319 1772 tempore,
1348 1707 1400 1753 in
1429 1722 1600 1754 eorum
1629 1704 1790 1771 respe-

464 1782 594 1830 &ive
615 1777 925 1829 Dioeceslbus
944 1814 959 1835 ,
983 1776 1301 1825 emittendam
1320 1776 1630 1825 decernimus
1651 1811 1667 1832 ,
1702 1775 1789 1827 sub

464 1855 626 1919 poenis
645 1866 813 1899 contra
827 1863 1138 1897 contumaces
1171 1852 1218 1895 in
1235 1847 1377 1895 Bulla
1395 1846 1495 1915 ipsa
1515 1846 1646 1903 latis,
1662 1847 1790 1896 aliis-

465 1942 559 1990 que
581 1922 936 1990 Episcoporum
963 1919 1168 1967 arbitrio
1196 1918 1449 1968 statuendis
1472 1955 1484 1966 .
1522 1918 1662 1967 Fidei
1695 1922 1786 1969 ita-

466 2013 559 2061 que
581 1992 915 2060 professionem
937 1993 1166 2046 emittent
1185 2020 1210 2028 -

537 2063 575 2111 I.
650 2062 912 2131 Episcopi,
941 2061 1121 2129 aliique
1141 2060 1200 2109 de
1221 2060 1397 2119 Clero,
1432 2079 1597 2110 recens
1617 2061 1786 2111 Eccle-

465 2133 655 2182 fiasticis
676 2136 734 2184 de
750 2133 1000 2184 beneficiis
1028 2132 1207 2201 provisi
1224 2169 1239 2191 ,
1259 2150 1337 2181 aut
1355 2131 1495 2182 sacris
1513 2131 1786 2180 Ordinibus

466 2209 674 2264 initiati,
688 2210 739 2254 in
752 2204 1043 2256 Dioecesana
1061 2205 1284 2272 Synodo,
1302 2210 1464 2273 primo
1482 2203 1783 2253 celebranda.

540 2277 617 2326 II.
695 2277 979 2346 Dignitates
994 2314 1010 2336 ,
1045 2278 1094 2327 ἃ
1124 2277 1450 2328 Canonicatus
1477 2276 1750 2325 obtinentes
1768 2311 1786 2333 ,

468 2348 570 2417 post
594 2349 818 2420 adeptam
836 2348 1160 2420 possessionem
1172 2386 1190 2411 ,
1221 2366 1329 2401 tum
1347 2355 1398 2400 in
1415 2347 1638 2404 manibus
1667 2348 1797 2413 Epi-¹
1820 2365 1823 2369 ’

1652 2417 1787 2486 scopi
