2043 2958
588 249 648 278 An
670 229 955 280 Concimum
975 226 1236 279 ROMANUM
1255 261 1266 273 .
1486 237 1577 282 143

278 302 500 351 elegerunt,
526 301 678 340 tutioris
700 300 791 341 vitae
815 302 966 340 ratione
980 299 1233 349 amplioribus
1246 297 1284 335 in
1300 293 1381 334 dies
1396 291 1586 345 proficere

279 354 438 392 valeant
453 353 702 393 incrementis
715 382 726 392 .

386 405 486 444 Cum
501 406 634 455 itaque
648 434 659 452 ,
673 406 766 446 ficut
782 406 1000 456 accepimus
1011 432 1023 450 ,
1036 403 1214 443 Abbates
1226 399 1435 452 Regulares
1449 406 1588 447 perpe·
1658 403 1800 434 Abbates
1826 402 1894 449 ¹²⁸²:

280 457 363 502 tui,
391 470 468 496 non
483 458 637 507 quidem
660 459 810 498 ratione
831 459 962 503 tituli,
987 460 1073 506 quia
1101 457 1149 494 ad
1177 452 1388 492 triennium
1404 478 1415 496 ,
1442 448 1510 504 vel⁸
1529 446 1588 484 se·
1616 447 1895 497 guiasesp-erpetm

283 512 472 548 xennium
486 537 497 555 ,
522 518 587 548 aut
601 510 703 549 aliud
718 511 930 549 limitatum
945 518 1096 559 tempus
1110 507 1304 556 eliguntur
1318 532 1330 550 ‚
1351 502 1416 541 sed
1439 508 1591 539 ratione
1617 486 1896 562 'Jonssdi‘fflffistasssj

282 561 630 600 administrationis
646 589 658 607 ‚
675 564 763 612 quia
777 564 824 601 ab
840 563 949 602 unius
962 557 1188 600 Monasterii
1202 556 1396 612 regimine
1414 581 1425 599 ‚
1441 552 1593 609 erpiero
1619 584 1695 604 num
1709 553 1752 602 ’ab
1766 569 1898 600 electio-

281 613 457 652 limitato
483 622 659 662 tempore
675 642 686 659 ‚
708 615 990 654 transferuntur
1015 612 1064 652 ad
1079 612 1182 651 aliud
1199 637 1212 655 ,
1234 610 1282 647 ab
1306 606 1524 657 Episcopus,
1553 614 1593 640 1ss
1620 609 1900 659 ne‚benedicenfii

282 676 446 713 quorum
462 666 704 705 Dioecesibus
726 669 795 706 sita
810 671 895 707 nint
910 662 1146 704 Monasteria
1159 690 1171 709 ‚
1195 659 1510 699 benedietionem
1526 655 1596 711 obj
1622 658 1659 687 ab
1675 655 1903 695 Episcoponag·

284 716 410 755 tinere
428 744 440 762 9
468 715 550 755 im&
573 716 611 754 δι’
643 727 774 768 petere
791 720 1011 769 negligant3
1039 716 1144 755 Hinc
1174 715 1226 752 est
1250 712 1352 761 quod
1377 709 1460 748 Nos
1485 718 1596 760 gravi
1623 698 1761 730 00s21‘0·

284 767 468 813 ejusmodi
483 768 614 806 abusui
640 782 708 820 pro
721 770 925 809 Pastoralis
951 768 1071 807 officii
1083 767 1218 806 debito
1231 762 1447 814 opportune
1461 759 1598 816 cousu-

283 819 365 857 lere
381 846 393 864 ²
419 830 463 857 ac
480 819 682 868 providere
697 822 892 869 cupientes
904 849 915 866 ‚
941 821 988 858 de
1012 819 1291 856 nonnullorum
1304 811 1600 853 Venerabilium

284 871 461 908 Fratrum
476 870 704 908 Nostrorum
727 871 765 908 S.
780 871 825 908 R.
845 872 888 909 E.
910 869 1182 909 Cardinalium
1202 895 1212 912 ‚
1238 869 1277 905 δί
1292 862 1603 920 aliquotjnsuper

284 921 466 960 Romanae
481 919 607 960 Curiae
624 922 877 961 Praelatorum
895 923 1001 970 super
1017 923 1090 959 hoc
1117 932 1139 958 a
1153 919 1279 958 Nobis
1303 915 1522 971 specialiter
1534 913 1604 950 de-

286 981 508 1022 putatorum
525 972 687 1012 consilio
702 1000 714 1019 ,
740 973 988 1012 suadentibus
1004 971 1125 1010 etiam
1143 969 1338 1020 Episcopis
1354 995 1365 1012 ‚
1380 968 1418 1006 &
1432 967 1517 1004 aliis
1532 965 1605 1021 Ec-

287 1024 486 1061 clcfiarum
514 1024 685 1061 Praelatis
711 1025 751 1061 in
779 1024 951 1073 praesenti
979 1024 1096 1061 Sacro
1119 1022 1300 1060 Concilio
1328 1025 1606 1069 congreg-‘mss

289 1086 441 1114 necnon
459 1075 575 1112 Motu
590 1074 746 1124 proprio
761 1102 773 1120 ,
799 1087 847 1112 ex
863 1082 970 1113 certa
984 1073 1143 1111 scientia
1159 1100 1171 1118 ‚
1184 1084 1228 1110 ac
1243 1078 1394 1108 matura
1409 1069 1605 1106 delibera-

289 1127 395 1165 tione
407 1125 576 1170 Nostris,
604 1126 727 1175 deque
749 1126 984 1174 Apostolicae
1009 1124 1208 1174 potestatis
1234 1119 1477 1172 plenitudine
1494 1147 1505 1165 ,
1534 1121 1606 1175 hac

286 1177 425 1216 Nostra
448 1179 633 1225 perpetuo
649 1176 814 1214 valitura
832 1177 1125 1215 Constitutione
1149 1174 1407 1223 injungimus,
1433 1172 1607 1219 praecipi-

289 1240 374 1267 mus
387 1255 400 1273 ‚
418 1228 456 1265 &
471 1226 640 1264 districte
662 1226 897 1265 mandamus
920 1227 1100 1264 omnibus
1115 1253 1127 1270 ‚
1152 1226 1190 1265 ὃς
1215 1225 1370 1273 singulis
1387 1221 1608 1261 Abbatibus

288 1278 565 1327 Regularibus‚
593 1279 685 1316 licet
714 1279 903 1327 perpetuis
927 1276 1174 1315 solummodo
1195 1276 1347 1314 ratione
1367 1273 1612 1313 administra-

289 1331 408 1368 tionis
424 1356 436 1374 ,
464 1337 503 1367 ut
529 1329 727 1377 praefertur
742 1356 754 1374 ‚
782 1330 845 1378 qui
862 1329 1108 1368 Monasteriis
1133 1327 1402 1376 cujuscumque
1423 1324 1583 1365 Ordinis
1598 1350 1610 1369 ‚

291 1381 622 1432 Congregationis
639 1408 650 1425 ,
676 1393 721 1419 ac
740 1382 911 1420 Instituti
936 1382 983 1419 de
995 1389 1127 1419 cetero
1142 1379 1399 1430 praesicientur
1416 1405 1428 1424 ‚
1455 1385 1496 1415 ut
1512 1376 1611 1413 infra

294 1444 443 1471 annum
469 1443 491 1470 a
512 1431 575 1470 die
591 1445 725 1470 eorum
752 1433 956 1471 elec‘tionis
972 1431 1282 1481 computandum
1308 1430 1519 1468 solemnem
1539 1428 1611 1467 be-

294 1483 556 1522 nedifflonem
580 1484 628 1521 ab
644 1484 835 1532 Episcopis
853 1510 864 1528 ‚
888 1481 927 1522 in
944 1496 1108 1533 quorum
1121 1482 1360 1522 Dioecefibus
1372 1476 1611 1519 Monasteria

296 1536 503 1573 consistunt
517 1562 529 1580 ,
558 1536 662 1580 juxta
676 1535 809 1574 Ritum
838 1537 876 1573 i'n
894 1534 1114 1574 pontificali
1128 1534 1308 1572 Romano
1329 1532 1611 1582 praescriptum,

296 1587 460 1624 omnino
486 1585 690 1635 suscipiant
705 1602 720 1627 ,-
747 1588 810 1625 vel
825 1587 960 1625 saltem
986 1599 1073 1625 eam
1093 1596 1152 1625 ter
1166 1586 1214 1624 ab
1229 1585 1315 1634 ipfis
1327 1584 1527 1622 humiliter
1545 1596 1616 1632 po·-

298 1638 435 1676 stulent
459 1664 471 1682 ‚
495 1639 643 1676 servata
667 1639 794 1676 forma
820 1639 966 1677 sancita
989 1639 1028 1676 in
1057 1648 1131 1686 cap.
1153 1640 1362 1676 statuimus
1387 1638 1432 1672 de
1444 1636 1609 1683 ficpplen.

297 1690 428 1744 neglzg,
443 1689 630 1727 Praelator.
662 1689 780 1739 Qod
807 1690 833 1729 fi
856 1690 960 1738 sectis
972 1690 1133 1729 fecerint
1146 1717 1158 1736 ‚
1181 1689 1228 1728 ab
1242 1687 1373 1726 officio
1388 1699 1453 1737 per
1465 1698 1611 1725 annum

298 1739 372 1778 sint
395 1740 474 1788 ipso
492 1743 576 1785 jure
590 1740 747 1790 suspensi
765 1770 774 1779 .
806 1742 1002 1781 Volumus
1018 1752 1151 1781 tamen
1166 1768 1178 1786 ‚
1199 1740 1237 1778 8(
1254 1739 1423 1788 expresse
1436 1738 1612 1778 declara-

300 1802 388 1847 mus
399 1817 411 1835 ,
426 1791 530 1837 quod
544 1792 693 1840 ipsimet
709 1793 885 1831 Abbates
901 1793 1013 1831 eledti
1026 1821 1037 1838 ‚
1062 1792 1228 1831 durante
1243 1790 1401 1840 praefato
1413 1790 1583 1830 termino
1596 1817 1610 1836 ‚

302 1854 347 1880 ac
365 1842 523 1879 interim
538 1842 672 1880 omnia
687 1844 819 1882 munia
833 1845 1063 1883 Abbatialia
1075 1845 1194 1882 libere
1208 1871 1220 1888 ‚
1249 1854 1293 1880 ac
1306 1842 1413 1880 licite
1432 1853 1611 1887 exercere

301 1891 439 1942 possint
454 1920 465 1937 ‚
479 1894 516 1932 ὅ(
534 1893 691 1932 valeant
703 1909 718 1936 ,-
746 1894 941 1945 Quodque
953 1895 1089 1934 Abbas
1103 1894 1218 1933 semel
1233 1892 1454 1932 benedictus
1467 1893 1610 1932 iterum

301 1943 615 1983 benedictionem
631 1956 761 1995 petere
775 1974 787 1991 ‚
815 1948 876 1985 vel
892 1947 1066 1985 obtinere
1081 1959 1160 1985 non
1177 1954 1354 1985 teneatur
1366 1972 1378 1991 ‚
1392 1945 1544 1984 tametsi
1561 1944 1609 1982 ad
1668 1951 1732 1994 Q
1748 1950 1916 1992 privilegia

303 1995 533 2046 gubernium
550 1996 788 2036 diversorum
804 1998 1130 2038 Monastcriorum
1145 2026 1158 2045 ,
1182 1997 1346 2036 aliarum
1361 1996 1480 2035 etiam
1496 1994 1611 2035 Dioe-
1637 1994 1787 2024 obtinent
1804 2017 1814 2030 ‚
1844 2002 1880 2024 ut
1897 2004 1914 2023 a

301 2047 429 2085 cesum
443 2074 454 2091 ‚
473 2049 681 2088 translatus
697 2050 869 2088 extiterit
881 2078 892 2087 .
1636 2045 1837 2075 quocumque
1848 2036 1915 2065 An·

408 2097 609 2147 Qironiam
633 2103 726 2139 vero
749 2100 927 2141 nonnulli
944 2114 989 2141 ex
1005 2100 1430 2152 praedic‘tisAbbatibus
1442 2099 1608 2149 Regula·
1635 2077 1913 2155 {2L¹‡Sr‚e¹}}¹}‚egl¹‡

304 2149 407 2188 ribus
422 2176 434 2194 ‚
451 2151 683 2200 Apostolicis
698 2179 710 2197 ‚
732 2162 771 2191 ut
788 2152 959 2192 afferitur
973 2182 985 2200 ‚
1005 2155 1147 2193 muniti
1163 2154 1247 2193 sunt
1268 2151 1502 2203 privilegiis,
1527 2151 1610 2201 qui·
1637 2160 1692 2191 nisi
1715 2172 1733 2191 a
1756 2160 1912 2192 Dioecesa-

304 2201 372 2239 bus
389 2204 516 2252 ampla
541 2204 624 2253 ipsis
638 2202 822 2243 tribuitur
836 2204 1000 2244 facultas
1019 2204 1238 2254 suscipiendi
1252 2204 1564 2244 benedic'tionem
1586 2214 1608 2241 a
1636 2213 1679 2233 ¹¹0
1695 2203 1911 2250 Episcopo3ve1

303 2264 544 2303 quocumque
558 2284 569 2300 ‚
593 2267 704 2305 quem
720 2256 932 2296 maluerint
947 2284 958 2302 ,
983 2257 1193 2297 Catholico
1209 2254 1400 2297 Antistite
1414 2255 1579 2305 gratiam
1597 2282 1609 2299 ,
1635 2256 1653 2275 ³
1677 2244 1910 2284 Metropolita-

303 2305 342 2359 ὃς
362 2307 841 2364 conimunionemSand'tae
853 2308 959 2347 Sedis
973 2308 1200 2358 Apostolicae
1224 2309 1416 2348 habente,-
1444 2305 1525 2345 NOS
1546 2308 1608 2352 ju·
1636 2287 1914 2360 Ξὲἆῑςῗεέξὲἓῐξῗ..

302 2355 364 2394 stis
378 2382 391 2402 ‚
414 2357 452 2396 ὃ(
464 2358 762 2399 rationabilibus
777 2359 931 2400 adducti
946 2360 1157 2400 rationibus
1172 2388 1184 2407 ‚
1200 2361 1314 2400 Motu
1329 2387 1342 2407 ,
1368 2359 1525 2397 scientia
1540 2385 1551 2403 ‚
1565 2370 1609 2396 ac
1636 2379 1687 2401 tur
1700 2390 1710 2402 ,

1493 2418 1605 2460 pote-
