<?xml version="1.0" encoding="UTF-8"?>
<!DOCTYPE html PUBLIC "-//W3C//DTD XHTML 1.0 Transitional//EN"
    "http://www.w3.org/TR/xhtml1/DTD/xhtml1-transitional.dtd">
<html xmlns="http://www.w3.org/1999/xhtml" xml:lang="en" lang="en">
 <head>
  <title>
</title>
<meta http-equiv="Content-Type" content="text/html;charset=utf-8" />
  <meta name='ocr-system' content='tesseract 3.04.00' />
  <meta name='ocr-capabilities' content='ocr_page ocr_carea ocr_par ocr_line ocrx_word'/>
</head>
<body>
  <div class='ocr_page' id='page_1' title='image "./conciliumromanum00cath_0253.png"; bbox 0 0 2043 2958; ppageno 0'>
   <div class='ocr_carea' id='block_1_1' title="bbox 610 224 1616 292">
    <p class='ocr_par' dir='ltr' id='par_1_1' title="bbox 610 224 1616 292">
     <span class='ocr_line' id='line_1_1' title="bbox 610 224 1616 292; baseline 0.006 -21"><span class='ocrx_word' id='word_1_1' title='bbox 610 245 668 272; x_wconf 81' lang='lat' dir='ltr'><strong>AD</strong></span> <span class='ocrx_word' id='word_1_2' title='bbox 691 224 974 275; x_wconf 61' lang='lat' dir='ltr'><strong>Cominium</strong></span> <span class='ocrx_word' id='word_1_3' title='bbox 993 227 1251 277; x_wconf 73' lang='lat' dir='ltr'>ROMANUM</span> <span class='ocrx_word' id='word_1_4' title='bbox 1271 264 1282 275; x_wconf 88' lang='lat'><strong><em>.</em></strong></span> <span class='ocrx_word' id='word_1_5' title='bbox 1522 247 1616 292; x_wconf 87' lang='lat'><strong>225</strong></span> 
     </span>
    </p>
   </div>
   <div class='ocr_carea' id='block_1_2' title="bbox 285 291 1623 2346">
    <p class='ocr_par' dir='ltr' id='par_1_2' title="bbox 285 291 1623 2346">
     <span class='ocr_line' id='line_1_2' title="bbox 294 291 1621 351; baseline 0.005 -22"><span class='ocrx_word' id='word_1_6' title='bbox 294 312 322 337; x_wconf 66' lang='lat'><strong>5,</strong></span> <span class='ocrx_word' id='word_1_7' title='bbox 350 291 458 331; x_wconf 88' lang='lat' dir='ltr'><strong>nibus</strong></span> <span class='ocrx_word' id='word_1_8' title='bbox 478 295 560 339; x_wconf 84' lang='lat' dir='ltr'><strong>jure</strong></span> <span class='ocrx_word' id='word_1_9' title='bbox 578 322 589 340; x_wconf 92' lang='lat'>‚</span> <span class='ocrx_word' id='word_1_10' title='bbox 615 296 832 347; x_wconf 73' lang='lat' dir='ltr'><strong>meritoque</strong></span> <span class='ocrx_word' id='word_1_11' title='bbox 855 298 979 337; x_wconf 84' lang='lat' dir='ltr'><strong>vetita</strong></span> <span class='ocrx_word' id='word_1_12' title='bbox 996 297 1078 337; x_wconf 90' lang='lat' dir='ltr'><strong>sunt</strong></span> <span class='ocrx_word' id='word_1_13' title='bbox 1096 327 1108 345; x_wconf 92' lang='lat'><strong>,</strong></span> <span class='ocrx_word' id='word_1_14' title='bbox 1122 299 1180 337; x_wconf 89' lang='lat' dir='ltr'><strong>uti</strong></span> <span class='ocrx_word' id='word_1_15' title='bbox 1194 298 1345 348; x_wconf 85' lang='lat' dir='ltr'><strong>prorsus</strong></span> <span class='ocrx_word' id='word_1_16' title='bbox 1364 297 1500 351; x_wconf 82' lang='lat' dir='ltr'>indign</span> <span class='ocrx_word' id='word_1_17' title='bbox 1512 311 1533 337; x_wconf 89' lang='lat' dir='ltr'><strong>a</strong></span> <span class='ocrx_word' id='word_1_18' title='bbox 1548 302 1621 337; x_wconf 91' lang='lat' dir='ltr'><strong>ho-</strong></span> 
     </span>
     <span class='ocr_line' id='line_1_3' title="bbox 293 345 1623 397; baseline 0.006 -16"><span class='ocrx_word' id='word_1_19' title='bbox 293 368 320 388; x_wconf 93' lang='lat'>„</span> <span class='ocrx_word' id='word_1_20' title='bbox 348 345 539 391; x_wconf 88' lang='lat' dir='ltr'><strong>minibus,</strong></span> <span class='ocrx_word' id='word_1_21' title='bbox 566 346 879 388; x_wconf 84' lang='lat' dir='ltr'><strong>Tabernaculum</strong></span> <span class='ocrx_word' id='word_1_22' title='bbox 897 350 1060 388; x_wconf 86' lang='lat' dir='ltr'>Domini</span> <span class='ocrx_word' id='word_1_23' title='bbox 1080 350 1418 397; x_wconf 78' lang='lat' dir='ltr'>inhabitantibus,</span> <span class='ocrx_word' id='word_1_24' title='bbox 1443 353 1483 391; x_wconf 83' lang='lat'>&amp;</span> <span class='ocrx_word' id='word_1_25' title='bbox 1505 363 1623 389; x_wconf 84' lang='lat' dir='ltr'><strong>vene-</strong></span> 
     </span>
     <span class='ocr_line' id='line_1_4' title="bbox 292 397 1616 453; baseline 0.005 -20"><span class='ocrx_word' id='word_1_26' title='bbox 292 418 319 439; x_wconf 79' lang='lat'><em>„</em></span> <span class='ocrx_word' id='word_1_27' title='bbox 347 397 467 434; x_wconf 88' lang='lat' dir='ltr'><strong>raudo</strong></span> <span class='ocrx_word' id='word_1_28' title='bbox 481 398 631 437; x_wconf 89' lang='lat' dir='ltr'><strong>Altaris</strong></span> <span class='ocrx_word' id='word_1_29' title='bbox 659 401 870 439; x_wconf 87' lang='lat' dir='ltr'><strong>ministerio</strong></span> <span class='ocrx_word' id='word_1_30' title='bbox 898 400 1108 440; x_wconf 84' lang='lat' dir='ltr'><strong>dedicatis.</strong></span> <span class='ocrx_word' id='word_1_31' title='bbox 1141 403 1356 441; x_wconf 87' lang='lat' dir='ltr'><strong>Statuimus</strong></span> <span class='ocrx_word' id='word_1_32' title='bbox 1388 411 1616 453; x_wconf 83' lang='lat' dir='ltr'><strong>propterea,</strong></span> 
     </span>
     <span class='ocr_line' id='line_1_5' title="bbox 290 448 1620 504; baseline 0.005 -18"><span class='ocrx_word' id='word_1_33' title='bbox 290 467 318 490; x_wconf 73' lang='lat'><strong>2,</strong></span> <span class='ocrx_word' id='word_1_34' title='bbox 348 457 461 495; x_wconf 67' lang='lat' dir='ltr'><strong>atque</strong></span> <span class='ocrx_word' id='word_1_35' title='bbox 480 448 724 490; x_wconf 87' lang='lat' dir='ltr'><strong>decernimus</strong></span> <span class='ocrx_word' id='word_1_36' title='bbox 739 481 750 497; x_wconf 93' lang='lat'>‚</span> <span class='ocrx_word' id='word_1_37' title='bbox 776 452 878 501; x_wconf 80' lang='lat' dir='ltr'><strong>quod</strong></span> <span class='ocrx_word' id='word_1_38' title='bbox 896 479 907 497; x_wconf 92' lang='lat'><strong>,</strong></span> <span class='ocrx_word' id='word_1_39' title='bbox 938 453 965 490; x_wconf 87' lang='lat' dir='ltr'><strong>fi</strong></span> <span class='ocrx_word' id='word_1_40' title='bbox 991 454 1054 502; x_wconf 91' lang='lat' dir='ltr'><strong>qui</strong></span> <span class='ocrx_word' id='word_1_41' title='bbox 1074 453 1158 492; x_wconf 91' lang='lat' dir='ltr'><strong>sunt</strong></span> <span class='ocrx_word' id='word_1_42' title='bbox 1174 453 1320 492; x_wconf 79' lang='lat' dir='ltr'><strong>Clerici</strong></span> <span class='ocrx_word' id='word_1_43' title='bbox 1339 481 1350 499; x_wconf 96' lang='lat'><strong>,</strong></span> <span class='ocrx_word' id='word_1_44' title='bbox 1378 463 1442 492; x_wconf 83' lang='lat' dir='ltr'><strong>aut</strong></span> <span class='ocrx_word' id='word_1_45' title='bbox 1463 455 1620 504; x_wconf 37' lang='lat' dir='ltr'><strong>primas·</strong></span> 
     </span>
     <span class='ocr_line' id='line_1_6' title="bbox 285 500 1620 553; baseline 0.004 -16"><span class='ocrx_word' id='word_1_46' title='bbox 285 523 320 542; x_wconf 51' lang='grc' dir='ltr'><strong>η,</strong></span> <span class='ocrx_word' id='word_1_47' title='bbox 347 500 521 538; x_wconf 82' lang='lat' dir='ltr'><strong>Tonsura</strong></span> <span class='ocrx_word' id='word_1_48' title='bbox 539 529 550 546; x_wconf 93' lang='lat'>‚</span> <span class='ocrx_word' id='word_1_49' title='bbox 566 512 630 540; x_wconf 93' lang='lat' dir='ltr'><strong>aut</strong></span> <span class='ocrx_word' id='word_1_50' title='bbox 646 503 861 542; x_wconf 86' lang='lat' dir='ltr'><strong>Ordinibus</strong></span> <span class='ocrx_word' id='word_1_51' title='bbox 876 504 1095 543; x_wconf 87' lang='lat' dir='ltr'><strong>minoribus</strong></span> <span class='ocrx_word' id='word_1_52' title='bbox 1109 504 1255 543; x_wconf 89' lang='lat' dir='ltr'><strong>initiati</strong></span> <span class='ocrx_word' id='word_1_53' title='bbox 1269 532 1280 551; x_wconf 91' lang='lat'>‚</span> <span class='ocrx_word' id='word_1_54' title='bbox 1303 506 1531 553; x_wconf 88' lang='lat' dir='ltr'><strong>nullumque</strong></span> <span class='ocrx_word' id='word_1_55' title='bbox 1547 505 1620 543; x_wconf 85' lang='lat' dir='ltr'><strong>Ec-</strong></span> 
     </span>
     <span class='ocr_line' id='line_1_7' title="bbox 293 552 1618 607; baseline 0.005 -20"><span class='ocrx_word' id='word_1_56' title='bbox 293 573 320 594; x_wconf 77' lang='lat'><em>„</em></span> <span class='ocrx_word' id='word_1_57' title='bbox 352 552 595 591; x_wconf 86' lang='lat' dir='ltr'><strong>clefiasticum</strong></span> <span class='ocrx_word' id='word_1_58' title='bbox 619 554 850 594; x_wconf 86' lang='lat' dir='ltr'><strong>Beneficium</strong></span> <span class='ocrx_word' id='word_1_59' title='bbox 866 555 1094 604; x_wconf 78' lang='lat' dir='ltr'><strong>possidentes</strong></span> <span class='ocrx_word' id='word_1_60' title='bbox 1112 584 1122 603; x_wconf 96' lang='lat'><strong>,</strong></span> <span class='ocrx_word' id='word_1_61' title='bbox 1139 557 1229 607; x_wconf 89' lang='lat' dir='ltr'><strong>qui,</strong></span> <span class='ocrx_word' id='word_1_62' title='bbox 1245 557 1430 606; x_wconf 62' lang='lat' dir='ltr'><strong>neglectis</strong></span> <span class='ocrx_word' id='word_1_63' title='bbox 1446 556 1618 596; x_wconf 89' lang='lat' dir='ltr'><strong>Concilii</strong></span> 
     </span>
     <span class='ocr_line' id='line_1_8' title="bbox 294 602 1618 653; baseline 0.003 -12"><span class='ocrx_word' id='word_1_64' title='bbox 294 625 321 645; x_wconf 69' lang='lat'><strong>2,</strong></span> <span class='ocrx_word' id='word_1_65' title='bbox 353 602 576 643; x_wconf 82' lang='lat' dir='ltr'><strong>Tridentini</strong></span> <span class='ocrx_word' id='word_1_66' title='bbox 604 606 782 646; x_wconf 77' lang='lat' dir='ltr'><strong>Decretis</strong></span> <span class='ocrx_word' id='word_1_67' title='bbox 800 635 811 653; x_wconf 94' lang='lat'>‚</span> <span class='ocrx_word' id='word_1_68' title='bbox 838 609 1011 646; x_wconf 86' lang='lat' dir='ltr'><strong>habitum</strong></span> <span class='ocrx_word' id='word_1_69' title='bbox 1036 608 1271 647; x_wconf 89' lang='lat' dir='ltr'><strong>Clericalem</strong></span> <span class='ocrx_word' id='word_1_70' title='bbox 1288 635 1299 653; x_wconf 94' lang='lat'><strong>,</strong></span> <span class='ocrx_word' id='word_1_71' title='bbox 1324 619 1368 646; x_wconf 86' lang='lat' dir='ltr'><strong>ac</strong></span> <span class='ocrx_word' id='word_1_72' title='bbox 1396 608 1618 647; x_wconf 84' lang='lat' dir='ltr'><strong>Tonsuram</strong></span> 
     </span>
     <span class='ocr_line' id='line_1_9' title="bbox 296 655 1618 706; baseline 0.002 -12"><span class='ocrx_word' id='word_1_73' title='bbox 296 676 324 697; x_wconf 68' lang='grc' dir='ltr'><strong>υ</strong></span> <span class='ocrx_word' id='word_1_74' title='bbox 355 666 431 692; x_wconf 90' lang='lat' dir='ltr'><strong>non</strong></span> <span class='ocrx_word' id='word_1_75' title='bbox 449 655 623 696; x_wconf 87' lang='lat' dir='ltr'><strong>deferant</strong></span> <span class='ocrx_word' id='word_1_76' title='bbox 644 685 656 703; x_wconf 93' lang='lat'><strong>,</strong></span> <span class='ocrx_word' id='word_1_77' title='bbox 684 660 746 697; x_wconf 88' lang='lat' dir='ltr'><strong>vel</strong></span> <span class='ocrx_word' id='word_1_78' title='bbox 761 661 787 698; x_wconf 89' lang='lat' dir='ltr'>fi</span> <span class='ocrx_word' id='word_1_79' title='bbox 803 659 925 698; x_wconf 84' lang='lat' dir='ltr'><strong>etiam</strong></span> <span class='ocrx_word' id='word_1_80' title='bbox 940 659 1115 698; x_wconf 87' lang='lat' dir='ltr'><strong>deferant</strong></span> <span class='ocrx_word' id='word_1_81' title='bbox 1131 687 1142 706; x_wconf 95' lang='lat'><strong>,</strong></span> <span class='ocrx_word' id='word_1_82' title='bbox 1163 672 1240 698; x_wconf 87' lang='lat' dir='ltr'><strong>non</strong></span> <span class='ocrx_word' id='word_1_83' title='bbox 1262 668 1393 698; x_wconf 88' lang='lat' dir='ltr'><strong>tamen</strong></span> <span class='ocrx_word' id='word_1_84' title='bbox 1412 668 1526 698; x_wconf 84' lang='lat' dir='ltr'><strong>certae</strong></span> <span class='ocrx_word' id='word_1_85' title='bbox 1539 660 1618 697; x_wconf 88' lang='lat' dir='ltr'><strong>Ec-</strong></span> 
     </span>
     <span class='ocr_line' id='line_1_10' title="bbox 294 706 1615 761; baseline 0.002 -16"><span class='ocrx_word' id='word_1_86' title='bbox 294 727 320 749; x_wconf 75' lang='lat'><strong>‚‚</strong></span> <span class='ocrx_word' id='word_1_87' title='bbox 349 706 468 743; x_wconf 80' lang='lat' dir='ltr'><strong>clesiae</strong></span> <span class='ocrx_word' id='word_1_88' title='bbox 486 734 496 752; x_wconf 92' lang='lat'>‚</span> <span class='ocrx_word' id='word_1_89' title='bbox 521 719 586 748; x_wconf 87' lang='lat' dir='ltr'><strong>aut</strong></span> <span class='ocrx_word' id='word_1_90' title='bbox 617 710 720 749; x_wconf 89' lang='lat' dir='ltr'><strong>Loco</strong></span> <span class='ocrx_word' id='word_1_91' title='bbox 737 712 800 760; x_wconf 90' lang='lat' dir='ltr'><strong>pio</strong></span> <span class='ocrx_word' id='word_1_92' title='bbox 816 738 827 757; x_wconf 92' lang='lat'>‚</span> <span class='ocrx_word' id='word_1_93' title='bbox 855 712 917 750; x_wconf 90' lang='lat' dir='ltr'><strong>cui</strong></span> <span class='ocrx_word' id='word_1_94' title='bbox 943 723 989 749; x_wconf 84' lang='lat' dir='ltr'><strong>ex</strong></span> <span class='ocrx_word' id='word_1_95' title='bbox 1012 712 1199 750; x_wconf 87' lang='lat' dir='ltr'><strong>mandato</strong></span> <span class='ocrx_word' id='word_1_96' title='bbox 1228 710 1401 761; x_wconf 87' lang='lat' dir='ltr'><strong>Episcopi</strong></span> <span class='ocrx_word' id='word_1_97' title='bbox 1433 709 1615 759; x_wconf 83' lang='lat' dir='ltr'><strong>adscripti</strong></span> 
     </span>
     <span class='ocr_line' id='line_1_11' title="bbox 293 757 1616 809; baseline 0.004 -15"><span class='ocrx_word' id='word_1_98' title='bbox 293 779 321 799; x_wconf 69' lang='lat'><strong>2,</strong></span> <span class='ocrx_word' id='word_1_99' title='bbox 348 757 490 796; x_wconf 88' lang='lat' dir='ltr'><strong>fuerint</strong></span> <span class='ocrx_word' id='word_1_100' title='bbox 508 787 519 804; x_wconf 94' lang='lat'><strong>,</strong></span> <span class='ocrx_word' id='word_1_101' title='bbox 549 762 756 800; x_wconf 85' lang='lat' dir='ltr'><strong>inserviant</strong></span> <span class='ocrx_word' id='word_1_102' title='bbox 772 791 784 809; x_wconf 92' lang='lat'><strong>,</strong></span> <span class='ocrx_word' id='word_1_103' title='bbox 800 764 930 802; x_wconf 83' lang='lat' dir='ltr'><strong>sivein</strong></span> <span class='ocrx_word' id='word_1_104' title='bbox 948 761 1167 803; x_wconf 86' lang='lat' dir='ltr'><strong>Seminario</strong></span> <span class='ocrx_word' id='word_1_105' title='bbox 1184 763 1452 802; x_wconf 87' lang='lat' dir='ltr'><strong>Ecclesiastico</strong></span> <span class='ocrx_word' id='word_1_106' title='bbox 1469 790 1481 808; x_wconf 88' lang='lat'><strong>,</strong></span> <span class='ocrx_word' id='word_1_107' title='bbox 1496 763 1558 800; x_wconf 88' lang='lat' dir='ltr'><strong>vel</strong></span> <span class='ocrx_word' id='word_1_108' title='bbox 1574 762 1616 799; x_wconf 89' lang='lat' dir='ltr'><strong>in</strong></span> 
     </span>
     <span class='ocr_line' id='line_1_12' title="bbox 294 809 1615 857; baseline 0.001 -9"><span class='ocrx_word' id='word_1_109' title='bbox 294 830 321 851; x_wconf 71' lang='lat'><strong>2,</strong></span> <span class='ocrx_word' id='word_1_110' title='bbox 356 809 482 857; x_wconf 80' lang='lat' dir='ltr'><strong>aliqua</strong></span> <span class='ocrx_word' id='word_1_111' title='bbox 502 812 639 850; x_wconf 82' lang='lat' dir='ltr'><strong>Schola</strong></span> <span class='ocrx_word' id='word_1_112' title='bbox 657 839 668 857; x_wconf 95' lang='lat'><strong>,</strong></span> <span class='ocrx_word' id='word_1_113' title='bbox 694 822 760 851; x_wconf 81' lang='lat' dir='ltr'><strong>aut</strong></span> <span class='ocrx_word' id='word_1_114' title='bbox 789 814 1051 852; x_wconf 84' lang='lat' dir='ltr'><strong>Universitate</strong></span> <span class='ocrx_word' id='word_1_115' title='bbox 1079 814 1127 852; x_wconf 92' lang='lat' dir='ltr'><strong>de</strong></span> <span class='ocrx_word' id='word_1_116' title='bbox 1158 813 1316 853; x_wconf 84' lang='lat' dir='ltr'><strong>licentia</strong></span> <span class='ocrx_word' id='word_1_117' title='bbox 1340 812 1615 851; x_wconf 90' lang='lat' dir='ltr'><strong>suiOrdinarii</strong></span> 
     </span>
     <span class='ocr_line' id='line_1_13' title="bbox 294 861 1613 912; baseline 0.005 -16"><span class='ocrx_word' id='word_1_118' title='bbox 294 881 321 902; x_wconf 84' lang='lat'><strong>,‚</strong></span> <span class='ocrx_word' id='word_1_119' title='bbox 350 871 428 897; x_wconf 87' lang='lat' dir='ltr'><strong>nou</strong></span> <span class='ocrx_word' id='word_1_120' title='bbox 444 861 639 899; x_wconf 89' lang='lat' dir='ltr'><strong>versentur</strong></span> <span class='ocrx_word' id='word_1_121' title='bbox 654 878 667 903; x_wconf 89' lang='lat'><strong>‚·</strong></span> <span class='ocrx_word' id='word_1_122' title='bbox 699 864 872 911; x_wconf 80' lang='lat' dir='ltr'><strong>Episcopi</strong></span> <span class='ocrx_word' id='word_1_123' title='bbox 888 892 899 908; x_wconf 95' lang='lat'><strong>,</strong></span> <span class='ocrx_word' id='word_1_124' title='bbox 924 866 1030 902; x_wconf 88' lang='lat' dir='ltr'><strong>nulla</strong></span> <span class='ocrx_word' id='word_1_125' title='bbox 1046 866 1164 903; x_wconf 87' lang='lat' dir='ltr'><strong>etiam</strong></span> <span class='ocrx_word' id='word_1_126' title='bbox 1183 863 1363 912; x_wconf 74' lang='lat' dir='ltr'><strong>praemissa</strong></span> <span class='ocrx_word' id='word_1_127' title='bbox 1378 864 1613 911; x_wconf 86' lang='lat' dir='ltr'><strong>monitione,</strong></span> 
     </span>
     <span class='ocr_line' id='line_1_14' title="bbox 293 911 1617 964; baseline 0.003 -15"><span class='ocrx_word' id='word_1_128' title='bbox 293 932 321 954; x_wconf 72' lang='lat'><strong>2,</strong></span> <span class='ocrx_word' id='word_1_129' title='bbox 349 922 415 949; x_wconf 90' lang='lat' dir='ltr'><strong>eos</strong></span> <span class='ocrx_word' id='word_1_130' title='bbox 443 911 646 964; x_wconf 86' lang='lat' dir='ltr'><strong>privilegio</strong></span> <span class='ocrx_word' id='word_1_131' title='bbox 671 914 758 952; x_wconf 83' lang='lat' dir='ltr'><strong>Fori</strong></span> <span class='ocrx_word' id='word_1_132' title='bbox 788 914 969 964; x_wconf 87' lang='lat' dir='ltr'><strong>privatos</strong></span> <span class='ocrx_word' id='word_1_133' title='bbox 991 915 1190 955; x_wconf 87' lang='lat' dir='ltr'><strong>declarent</strong></span> <span class='ocrx_word' id='word_1_134' title='bbox 1208 943 1219 961; x_wconf 92' lang='lat'><strong><em>‚</em></strong></span> <span class='ocrx_word' id='word_1_135' title='bbox 1243 926 1453 963; x_wconf 88' lang='lat' dir='ltr'><strong>eorumque</strong></span> <span class='ocrx_word' id='word_1_136' title='bbox 1474 914 1617 954; x_wconf 87' lang='lat' dir='ltr'><strong>adscri-</strong></span> 
     </span>
     <span class='ocr_line' id='line_1_15' title="bbox 292 962 1614 1012; baseline 0.002 -10"><span class='ocrx_word' id='word_1_137' title='bbox 292 984 319 1005; x_wconf 61' lang='grc' dir='ltr'>η</span> <span class='ocrx_word' id='word_1_138' title='bbox 351 962 523 1011; x_wconf 84' lang='lat' dir='ltr'><strong>ptionem</strong></span> <span class='ocrx_word' id='word_1_139' title='bbox 551 965 709 1004; x_wconf 86' lang='lat' dir='ltr'><strong>servitio</strong></span> <span class='ocrx_word' id='word_1_140' title='bbox 742 974 853 1005; x_wconf 77' lang='lat' dir='ltr'><strong>certae</strong></span> <span class='ocrx_word' id='word_1_141' title='bbox 881 967 1054 1006; x_wconf 82' lang='lat' dir='ltr'><strong>Ecclefiae</strong></span> <span class='ocrx_word' id='word_1_142' title='bbox 1094 977 1209 1006; x_wconf 85' lang='lat' dir='ltr'><strong>antea</strong></span> <span class='ocrx_word' id='word_1_143' title='bbox 1236 967 1378 1006; x_wconf 68' lang='lat' dir='ltr'><strong>factam</strong></span> <span class='ocrx_word' id='word_1_144' title='bbox 1407 966 1527 1005; x_wconf 86' lang='lat' dir='ltr'><strong>deleri</strong></span> <span class='ocrx_word' id='word_1_145' title='bbox 1550 969 1614 1012; x_wconf 84' lang='lat' dir='ltr'><strong>ju·</strong></span> 
     </span>
     <span class='ocr_line' id='line_1_16' title="bbox 292 1013 1614 1064; baseline 0.005 -14"><span class='ocrx_word' id='word_1_146' title='bbox 292 1035 322 1055; x_wconf 84' lang='lat'><strong>‚‚</strong></span> <span class='ocrx_word' id='word_1_147' title='bbox 354 1013 471 1050; x_wconf 87' lang='lat' dir='ltr'><strong>beant</strong></span> <span class='ocrx_word' id='word_1_148' title='bbox 487 1042 496 1051; x_wconf 96' lang='lat'><em>.</em></span> <span class='ocrx_word' id='word_1_149' title='bbox 527 1015 641 1064; x_wconf 86' lang='lat' dir='ltr'><strong>Sique</strong></span> <span class='ocrx_word' id='word_1_150' title='bbox 659 1017 685 1052; x_wconf 94' lang='lat' dir='ltr'><strong>ii</strong></span> <span class='ocrx_word' id='word_1_151' title='bbox 701 1017 909 1055; x_wconf 82' lang='lat' dir='ltr'><strong>meliorem</strong></span> <span class='ocrx_word' id='word_1_152' title='bbox 925 1017 1013 1056; x_wconf 84' lang='lat' dir='ltr'><strong>vitae</strong></span> <span class='ocrx_word' id='word_1_153' title='bbox 1030 1020 1220 1056; x_wconf 86' lang='lat' dir='ltr'><strong>rationem</strong></span> <span class='ocrx_word' id='word_1_154' title='bbox 1237 1030 1313 1055; x_wconf 90' lang='lat' dir='ltr'><strong>uon</strong></span> <span class='ocrx_word' id='word_1_155' title='bbox 1330 1016 1490 1056; x_wconf 86' lang='lat' dir='ltr'><strong>inierint</strong></span> <span class='ocrx_word' id='word_1_156' title='bbox 1507 1045 1518 1063; x_wconf 87' lang='lat'>‚</span> <span class='ocrx_word' id='word_1_157' title='bbox 1546 1026 1614 1056; x_wconf 88' lang='lat' dir='ltr'><strong>aut</strong></span> 
     </span>
     <span class='ocr_line' id='line_1_17' title="bbox 294 1064 1613 1119; baseline 0.002 -14"><span class='ocrx_word' id='word_1_158' title='bbox 294 1087 323 1107; x_wconf 72' lang='lat'><strong>2,</strong></span> <span class='ocrx_word' id='word_1_159' title='bbox 353 1064 471 1102; x_wconf 88' lang='lat' dir='ltr'><strong>etiam</strong></span> <span class='ocrx_word' id='word_1_160' title='bbox 500 1066 527 1103; x_wconf 90' lang='lat' dir='ltr'>fi</span> <span class='ocrx_word' id='word_1_161' title='bbox 542 1067 606 1104; x_wconf 87' lang='lat' dir='ltr'><strong>alii</strong></span> <span class='ocrx_word' id='word_1_162' title='bbox 623 1068 694 1105; x_wconf 86' lang='lat' dir='ltr'><strong>fint</strong></span> <span class='ocrx_word' id='word_1_163' title='bbox 708 1094 719 1112; x_wconf 92' lang='lat'>‚</span> <span class='ocrx_word' id='word_1_164' title='bbox 747 1079 840 1116; x_wconf 87' lang='lat' dir='ltr'><strong>quos</strong></span> <span class='ocrx_word' id='word_1_165' title='bbox 871 1081 916 1107; x_wconf 85' lang='lat' dir='ltr'><strong>ex</strong></span> <span class='ocrx_word' id='word_1_166' title='bbox 932 1068 1082 1118; x_wconf 88' lang='lat' dir='ltr'><strong>propria</strong></span> <span class='ocrx_word' id='word_1_167' title='bbox 1094 1069 1205 1119; x_wconf 87' lang='lat' dir='ltr'><strong>culpa</strong></span> <span class='ocrx_word' id='word_1_168' title='bbox 1219 1068 1440 1106; x_wconf 87' lang='lat' dir='ltr'><strong>efficiendos</strong></span> <span class='ocrx_word' id='word_1_169' title='bbox 1453 1069 1613 1108; x_wconf 85' lang='lat' dir='ltr'><strong>idoneos</strong></span> 
     </span>
     <span class='ocr_line' id='line_1_18' title="bbox 294 1115 1614 1171; baseline 0.004 -17"><span class='ocrx_word' id='word_1_170' title='bbox 294 1137 321 1157; x_wconf 81' lang='lat'><strong>‚‚</strong></span> <span class='ocrx_word' id='word_1_171' title='bbox 352 1115 595 1164; x_wconf 84' lang='lat' dir='ltr'><strong>promotioni</strong></span> <span class='ocrx_word' id='word_1_172' title='bbox 617 1118 664 1156; x_wconf 84' lang='lat' dir='ltr'><strong>ad</strong></span> <span class='ocrx_word' id='word_1_173' title='bbox 679 1119 812 1157; x_wconf 85' lang='lat' dir='ltr'><strong>Sacros</strong></span> <span class='ocrx_word' id='word_1_174' title='bbox 827 1119 997 1158; x_wconf 83' lang='lat' dir='ltr'><strong>Ordines</strong></span> <span class='ocrx_word' id='word_1_175' title='bbox 1015 1119 1150 1168; x_wconf 86' lang='lat' dir='ltr'><strong>sperari</strong></span> <span class='ocrx_word' id='word_1_176' title='bbox 1166 1128 1328 1169; x_wconf 88' lang='lat' dir='ltr'><strong>nequeat</strong></span> <span class='ocrx_word' id='word_1_177' title='bbox 1343 1133 1358 1160; x_wconf 71' lang='lat'><em>3</em></span> <span class='ocrx_word' id='word_1_178' title='bbox 1386 1117 1507 1159; x_wconf 89' lang='lat' dir='ltr'><strong>iidem</strong></span> <span class='ocrx_word' id='word_1_179' title='bbox 1525 1120 1614 1171; x_wconf 89' lang='lat' dir='ltr'><strong>Epi-</strong></span> 
     </span>
     <span class='ocr_line' id='line_1_19' title="bbox 297 1167 1612 1222; baseline 0.002 -15"><span class='ocrx_word' id='word_1_180' title='bbox 297 1189 324 1209; x_wconf 74' lang='lat'><strong>„</strong></span> <span class='ocrx_word' id='word_1_181' title='bbox 354 1167 453 1216; x_wconf 86' lang='lat' dir='ltr'><strong>scopi</strong></span> <span class='ocrx_word' id='word_1_182' title='bbox 476 1195 488 1213; x_wconf 95' lang='lat'><strong>,</strong></span> <span class='ocrx_word' id='word_1_183' title='bbox 502 1168 655 1208; x_wconf 86' lang='lat' dir='ltr'><strong>servata</strong></span> <span class='ocrx_word' id='word_1_184' title='bbox 669 1170 793 1208; x_wconf 82' lang='lat' dir='ltr'><strong>forma</strong></span> <span class='ocrx_word' id='word_1_185' title='bbox 808 1171 829 1209; x_wconf 73' lang='lat' dir='ltr'><strong>a</strong></span> <span class='ocrx_word' id='word_1_186' title='bbox 844 1170 970 1209; x_wconf 89' lang='lat' dir='ltr'><strong>Sacris</strong></span> <span class='ocrx_word' id='word_1_187' title='bbox 988 1170 1213 1210; x_wconf 86' lang='lat' dir='ltr'><strong>Canonibus</strong></span> <span class='ocrx_word' id='word_1_188' title='bbox 1228 1170 1370 1209; x_wconf 79' lang='lat' dir='ltr'><strong>tradita</strong></span> <span class='ocrx_word' id='word_1_189' title='bbox 1385 1198 1396 1215; x_wconf 94' lang='lat'>‚</span> <span class='ocrx_word' id='word_1_190' title='bbox 1413 1171 1461 1209; x_wconf 90' lang='lat' dir='ltr'><strong>ad</strong></span> <span class='ocrx_word' id='word_1_191' title='bbox 1479 1172 1612 1222; x_wconf 68' lang='lat' dir='ltr'><strong>priva«-</strong></span> 
     </span>
     <span class='ocr_line' id='line_1_20' title="bbox 293 1216 1612 1272; baseline 0.007 -19"><span class='ocrx_word' id='word_1_192' title='bbox 293 1239 323 1259; x_wconf 85' lang='lat'><strong>‚‚</strong></span> <span class='ocrx_word' id='word_1_193' title='bbox 354 1216 503 1257; x_wconf 90' lang='lat' dir='ltr'><strong>tionem</strong></span> <span class='ocrx_word' id='word_1_194' title='bbox 532 1221 699 1259; x_wconf 83' lang='lat' dir='ltr'><strong>aliorum</strong></span> <span class='ocrx_word' id='word_1_195' title='bbox 725 1220 978 1260; x_wconf 88' lang='lat' dir='ltr'><strong>Clericalium</strong></span> <span class='ocrx_word' id='word_1_196' title='bbox 1008 1222 1304 1272; x_wconf 82' lang='lat' dir='ltr'><strong>Privilegiorum</strong></span> <span class='ocrx_word' id='word_1_197' title='bbox 1342 1231 1478 1261; x_wconf 84' lang='lat' dir='ltr'><strong>contra</strong></span> <span class='ocrx_word' id='word_1_198' title='bbox 1515 1223 1612 1272; x_wconf 87' lang='lat' dir='ltr'><strong>ipsos</strong></span> 
     </span>
     <span class='ocr_line' id='line_1_21' title="bbox 297 1270 1612 1322; baseline 0.006 -17"><span class='ocrx_word' id='word_1_199' title='bbox 297 1290 324 1309; x_wconf 88' lang='lat'><strong>,‚</strong></span> <span class='ocrx_word' id='word_1_200' title='bbox 353 1270 585 1317; x_wconf 89' lang='lat' dir='ltr'><strong>procedant.</strong></span> <span class='ocrx_word' id='word_1_201' title='bbox 616 1270 694 1310; x_wconf 90' lang='lat' dir='ltr'><strong>Ubi</strong></span> <span class='ocrx_word' id='word_1_202' title='bbox 711 1274 803 1310; x_wconf 83' lang='lat' dir='ltr'><strong>vero</strong></span> <span class='ocrx_word' id='word_1_203' title='bbox 833 1274 1070 1322; x_wconf 89' lang='lat' dir='ltr'><strong>reperiantur</strong></span> <span class='ocrx_word' id='word_1_204' title='bbox 1083 1274 1230 1314; x_wconf 89' lang='lat' dir='ltr'><strong>Clerici</strong></span> <span class='ocrx_word' id='word_1_205' title='bbox 1246 1273 1520 1321; x_wconf 81' lang='lat' dir='ltr'><strong>Capellanias,</strong></span> <span class='ocrx_word' id='word_1_206' title='bbox 1548 1275 1612 1313; x_wconf 88' lang='lat' dir='ltr'><strong>vel</strong></span> 
     </span>
     <span class='ocr_line' id='line_1_22' title="bbox 298 1320 1611 1372; baseline 0.002 -11"><span class='ocrx_word' id='word_1_207' title='bbox 298 1342 324 1361; x_wconf 62' lang='grc' dir='ltr'><em>η</em></span> <span class='ocrx_word' id='word_1_208' title='bbox 353 1320 544 1359; x_wconf 82' lang='lat' dir='ltr'><strong>Beneficia</strong></span> <span class='ocrx_word' id='word_1_209' title='bbox 561 1349 572 1366; x_wconf 94' lang='lat'><strong>,</strong></span> <span class='ocrx_word' id='word_1_210' title='bbox 584 1322 851 1372; x_wconf 85' lang='lat' dir='ltr'><strong>cujuscumque</strong></span> <span class='ocrx_word' id='word_1_211' title='bbox 865 1325 984 1362; x_wconf 86' lang='lat' dir='ltr'><strong>etiam</strong></span> <span class='ocrx_word' id='word_1_212' title='bbox 998 1325 1125 1363; x_wconf 90' lang='lat' dir='ltr'><strong>tenuis</strong></span> <span class='ocrx_word' id='word_1_213' title='bbox 1141 1322 1312 1362; x_wconf 89' lang='lat' dir='ltr'><strong>redditus</strong></span> <span class='ocrx_word' id='word_1_214' title='bbox 1327 1351 1338 1369; x_wconf 98' lang='lat'><strong>,</strong></span> <span class='ocrx_word' id='word_1_215' title='bbox 1363 1324 1581 1364; x_wconf 86' lang='lat' dir='ltr'><strong>obtinentes</strong></span> <span class='ocrx_word' id='word_1_216' title='bbox 1597 1353 1611 1371; x_wconf 91' lang='lat'><strong>,</strong></span> 
     </span>
     <span class='ocr_line' id='line_1_23' title="bbox 293 1373 1611 1423; baseline 0.002 -11"><span class='ocrx_word' id='word_1_217' title='bbox 293 1394 321 1412; x_wconf 65' lang='grc' dir='ltr'><em>η</em></span> <span class='ocrx_word' id='word_1_218' title='bbox 353 1383 515 1420; x_wconf 88' lang='lat' dir='ltr'><strong>quorum</strong></span> <span class='ocrx_word' id='word_1_219' title='bbox 533 1373 708 1422; x_wconf 85' lang='lat' dir='ltr'><strong>improba</strong></span> <span class='ocrx_word' id='word_1_220' title='bbox 721 1374 827 1419; x_wconf 85' lang='lat' dir='ltr'><strong>vita,</strong></span> <span class='ocrx_word' id='word_1_221' title='bbox 851 1376 936 1414; x_wconf 86' lang='lat' dir='ltr'><strong>aliis</strong></span> <span class='ocrx_word' id='word_1_222' title='bbox 959 1374 1211 1414; x_wconf 83' lang='lat' dir='ltr'><strong>offenfionem</strong></span> <span class='ocrx_word' id='word_1_223' title='bbox 1226 1376 1419 1423; x_wconf 82' lang='lat' dir='ltr'><strong>praebens,</strong></span> <span class='ocrx_word' id='word_1_224' title='bbox 1443 1376 1611 1415; x_wconf 89' lang='lat' dir='ltr'><strong>destruat</strong></span> 
     </span>
     <span class='ocr_line' id='line_1_24' title="bbox 295 1423 1608 1474; baseline 0.005 -14"><span class='ocrx_word' id='word_1_225' title='bbox 295 1445 323 1464; x_wconf 85' lang='lat'><strong>„</strong></span> <span class='ocrx_word' id='word_1_226' title='bbox 351 1423 478 1472; x_wconf 74' lang='lat' dir='ltr'><strong>potius</strong></span> <span class='ocrx_word' id='word_1_227' title='bbox 493 1451 505 1469; x_wconf 90' lang='lat'><strong>,</strong></span> <span class='ocrx_word' id='word_1_228' title='bbox 520 1426 633 1472; x_wconf 72' lang='lat' dir='ltr'><strong>quam</strong></span> <span class='ocrx_word' id='word_1_229' title='bbox 651 1424 811 1464; x_wconf 87' lang='lat' dir='ltr'><strong>aedificet</strong></span> <span class='ocrx_word' id='word_1_230' title='bbox 824 1453 835 1470; x_wconf 92' lang='lat'>‚</span> <span class='ocrx_word' id='word_1_231' title='bbox 857 1428 918 1464; x_wconf 90' lang='lat' dir='ltr'><strong>vel</strong></span> <span class='ocrx_word' id='word_1_232' title='bbox 936 1427 1201 1465; x_wconf 85' lang='lat' dir='ltr'><strong>concubinarii</strong></span> <span class='ocrx_word' id='word_1_233' title='bbox 1218 1453 1229 1470; x_wconf 95' lang='lat'><strong>,</strong></span> <span class='ocrx_word' id='word_1_234' title='bbox 1244 1434 1310 1463; x_wconf 92' lang='lat' dir='ltr'><strong>aut</strong></span> <span class='ocrx_word' id='word_1_235' title='bbox 1326 1423 1581 1466; x_wconf 74' lang='lat' dir='ltr'><strong>foeiieratores</strong></span> <span class='ocrx_word' id='word_1_236' title='bbox 1595 1456 1608 1474; x_wconf 91' lang='lat'><strong>,</strong></span> 
     </span>
     <span class='ocr_line' id='line_1_25' title="bbox 293 1474 1609 1524; baseline 0.005 -13"><span class='ocrx_word' id='word_1_237' title='bbox 293 1496 321 1515; x_wconf 83' lang='lat'><strong>‚‚</strong></span> <span class='ocrx_word' id='word_1_238' title='bbox 352 1474 412 1512; x_wconf 89' lang='lat' dir='ltr'><strong>vel</strong></span> <span class='ocrx_word' id='word_1_239' title='bbox 429 1475 633 1520; x_wconf 86' lang='lat' dir='ltr'><strong>ebrietati,</strong></span> <span class='ocrx_word' id='word_1_240' title='bbox 657 1476 803 1515; x_wconf 89' lang='lat' dir='ltr'><strong>ludisve</strong></span> <span class='ocrx_word' id='word_1_241' title='bbox 817 1478 989 1515; x_wconf 85' lang='lat' dir='ltr'><strong>alearum</strong></span> <span class='ocrx_word' id='word_1_242' title='bbox 1004 1477 1152 1522; x_wconf 87' lang='lat' dir='ltr'><strong>dediti,</strong></span> <span class='ocrx_word' id='word_1_243' title='bbox 1176 1477 1237 1515; x_wconf 89' lang='lat' dir='ltr'><strong>vel</strong></span> <span class='ocrx_word' id='word_1_244' title='bbox 1254 1478 1397 1515; x_wconf 87' lang='lat' dir='ltr'><strong>satores</strong></span> <span class='ocrx_word' id='word_1_245' title='bbox 1413 1478 1580 1517; x_wconf 83' lang='lat' dir='ltr'><strong>rixarum</strong></span> <span class='ocrx_word' id='word_1_246' title='bbox 1596 1506 1609 1524; x_wconf 91' lang='lat'><strong>,</strong></span> 
     </span>
     <span class='ocr_line' id='line_1_26' title="bbox 290 1525 1607 1576; baseline 0.002 -10"><span class='ocrx_word' id='word_1_247' title='bbox 290 1548 322 1566; x_wconf 72' lang='lat'><strong>2,</strong></span> <span class='ocrx_word' id='word_1_248' title='bbox 352 1525 415 1563; x_wconf 85' lang='lat' dir='ltr'><strong>vel</strong></span> <span class='ocrx_word' id='word_1_249' title='bbox 445 1528 707 1576; x_wconf 86' lang='lat' dir='ltr'><strong>negotiatores</strong></span> <span class='ocrx_word' id='word_1_250' title='bbox 722 1554 733 1572; x_wconf 92' lang='lat'><strong>‚</strong></span> <span class='ocrx_word' id='word_1_251' title='bbox 765 1529 828 1566; x_wconf 86' lang='lat' dir='ltr'><strong>vel</strong></span> <span class='ocrx_word' id='word_1_252' title='bbox 843 1540 951 1567; x_wconf 85' lang='lat' dir='ltr'><strong>arma</strong></span> <span class='ocrx_word' id='word_1_253' title='bbox 967 1530 1156 1576; x_wconf 80' lang='lat' dir='ltr'><strong>gestantes</strong></span> <span class='ocrx_word' id='word_1_254' title='bbox 1171 1557 1181 1575; x_wconf 91' lang='lat'><strong>,</strong></span> <span class='ocrx_word' id='word_1_255' title='bbox 1208 1529 1267 1566; x_wconf 92' lang='lat' dir='ltr'><strong>vel</strong></span> <span class='ocrx_word' id='word_1_256' title='bbox 1287 1528 1443 1567; x_wconf 89' lang='lat' dir='ltr'><strong>incertis</strong></span> <span class='ocrx_word' id='word_1_257' title='bbox 1456 1529 1607 1569; x_wconf 89' lang='lat' dir='ltr'><strong>sedibus</strong></span> 
     </span>
     <span class='ocr_line' id='line_1_27' title="bbox 295 1579 1608 1629; baseline 0.005 -16"><span class='ocrx_word' id='word_1_258' title='bbox 295 1599 323 1619; x_wconf 85' lang='lat'><strong>‚‚</strong></span> <span class='ocrx_word' id='word_1_259' title='bbox 352 1586 565 1625; x_wconf 81' lang='lat' dir='ltr'><strong>vagantes,</strong></span> <span class='ocrx_word' id='word_1_260' title='bbox 588 1581 648 1617; x_wconf 93' lang='lat' dir='ltr'><strong>vel</strong></span> <span class='ocrx_word' id='word_1_261' title='bbox 663 1579 895 1618; x_wconf 87' lang='lat' dir='ltr'><strong>Clericalem</strong></span> <span class='ocrx_word' id='word_1_262' title='bbox 916 1582 1092 1619; x_wconf 76' lang='lat' dir='ltr'><strong>habitum</strong></span> <span class='ocrx_word' id='word_1_263' title='bbox 1108 1608 1120 1626; x_wconf 92' lang='lat'>‚</span> <span class='ocrx_word' id='word_1_264' title='bbox 1146 1580 1435 1629; x_wconf 63' lang='lat' dir='ltr'><strong>Tomi-amque</strong></span> <span class='ocrx_word' id='word_1_265' title='bbox 1450 1593 1526 1619; x_wconf 89' lang='lat' dir='ltr'><strong>non</strong></span> <span class='ocrx_word' id='word_1_266' title='bbox 1541 1581 1608 1619; x_wconf 89' lang='lat' dir='ltr'><strong>de-</strong></span> 
     </span>
     <span class='ocr_line' id='line_1_28' title="bbox 295 1627 1608 1675; baseline 0.005 -11"><span class='ocrx_word' id='word_1_267' title='bbox 295 1651 322 1669; x_wconf 87' lang='lat'>„</span> <span class='ocrx_word' id='word_1_268' title='bbox 351 1627 519 1667; x_wconf 85' lang='lat' dir='ltr'><strong>ferentes</strong></span> <span class='ocrx_word' id='word_1_269' title='bbox 535 1657 546 1675; x_wconf 95' lang='lat'><strong>,</strong></span> <span class='ocrx_word' id='word_1_270' title='bbox 573 1631 633 1668; x_wconf 89' lang='lat' dir='ltr'><strong>vel</strong></span> <span class='ocrx_word' id='word_1_271' title='bbox 654 1630 913 1669; x_wconf 82' lang='lat' dir='ltr'><strong>Ecclefiastica</strong></span> <span class='ocrx_word' id='word_1_272' title='bbox 932 1630 1234 1670; x_wconf 85' lang='lat' dir='ltr'><strong>Immunitatein</strong></span> <span class='ocrx_word' id='word_1_273' title='bbox 1250 1631 1424 1669; x_wconf 86' lang='lat' dir='ltr'><strong>fraudem</strong></span> <span class='ocrx_word' id='word_1_274' title='bbox 1440 1633 1608 1670; x_wconf 88' lang='lat' dir='ltr'><strong>tributo-</strong></span> 
     </span>
     <span class='ocr_line' id='line_1_29' title="bbox 294 1679 1606 1732; baseline 0.002 -15"><span class='ocrx_word' id='word_1_275' title='bbox 294 1701 323 1722; x_wconf 82' lang='lat'><strong>„</strong></span> <span class='ocrx_word' id='word_1_276' title='bbox 352 1691 436 1717; x_wconf 87' lang='lat' dir='ltr'><strong>rum</strong></span> <span class='ocrx_word' id='word_1_277' title='bbox 451 1706 463 1725; x_wconf 93' lang='lat'><em>‚</em></span> <span class='ocrx_word' id='word_1_278' title='bbox 491 1679 528 1717; x_wconf 57' lang='grc' dir='ltr'><strong>δι’</strong></span> <span class='ocrx_word' id='word_1_279' title='bbox 545 1679 798 1731; x_wconf 59' lang='lat' dir='ltr'><strong>vectigalium</strong></span> <span class='ocrx_word' id='word_1_280' title='bbox 813 1709 824 1728; x_wconf 93' lang='lat'><em>‚</em></span> <span class='ocrx_word' id='word_1_281' title='bbox 841 1683 861 1720; x_wconf 80' lang='lat' dir='ltr'><strong>a</strong></span> <span class='ocrx_word' id='word_1_282' title='bbox 883 1682 1009 1721; x_wconf 87' lang='lat' dir='ltr'><strong>Laicis</strong></span> <span class='ocrx_word' id='word_1_283' title='bbox 1025 1695 1102 1721; x_wconf 89' lang='lat' dir='ltr'><strong>non</strong></span> <span class='ocrx_word' id='word_1_284' title='bbox 1117 1680 1305 1732; x_wconf 88' lang='lat' dir='ltr'><strong>exemptis</strong></span> <span class='ocrx_word' id='word_1_285' title='bbox 1319 1683 1606 1729; x_wconf 88' lang='lat' dir='ltr'><strong>solvendorum,</strong></span> 
     </span>
     <span class='ocr_line' id='line_1_30' title="bbox 296 1731 1606 1781; baseline 0.003 -13"><span class='ocrx_word' id='word_1_286' title='bbox 296 1753 324 1772; x_wconf 69' lang='lat'><strong>2,</strong></span> <span class='ocrx_word' id='word_1_287' title='bbox 352 1731 498 1769; x_wconf 77' lang='lat' dir='ltr'><strong>temer&#39;e</strong></span> <span class='ocrx_word' id='word_1_288' title='bbox 511 1733 715 1771; x_wconf 87' lang='lat' dir='ltr'><strong>abutentes</strong></span> <span class='ocrx_word' id='word_1_289' title='bbox 729 1759 741 1777; x_wconf 90' lang='lat'>‚</span> <span class='ocrx_word' id='word_1_290' title='bbox 768 1734 831 1772; x_wconf 86' lang='lat' dir='ltr'><strong>vel</strong></span> <span class='ocrx_word' id='word_1_291' title='bbox 849 1734 911 1781; x_wconf 85' lang='lat' dir='ltr'><strong>qui</strong></span> <span class='ocrx_word' id='word_1_292' title='bbox 926 1734 1082 1772; x_wconf 86' lang='lat' dir='ltr'><strong>demum</strong></span> <span class='ocrx_word' id='word_1_293' title='bbox 1097 1733 1234 1772; x_wconf 87' lang='lat' dir='ltr'><strong>fimilia</strong></span> <span class='ocrx_word' id='word_1_294' title='bbox 1251 1761 1264 1779; x_wconf 93' lang='lat'>‚</span> <span class='ocrx_word' id='word_1_295' title='bbox 1284 1743 1347 1772; x_wconf 90' lang='lat' dir='ltr'><strong>aut</strong></span> <span class='ocrx_word' id='word_1_296' title='bbox 1364 1736 1510 1779; x_wconf 82' lang='lat' dir='ltr'><strong>majora</strong></span> <span class='ocrx_word' id='word_1_297' title='bbox 1527 1735 1606 1772; x_wconf 90' lang='lat' dir='ltr'><strong>cri-</strong></span> 
     </span>
     <span class='ocr_line' id='line_1_31' title="bbox 297 1784 1605 1834; baseline 0.004 -15"><span class='ocrx_word' id='word_1_298' title='bbox 297 1805 324 1824; x_wconf 87' lang='lat'><strong>‚,</strong></span> <span class='ocrx_word' id='word_1_299' title='bbox 351 1784 457 1820; x_wconf 84' lang='lat' dir='ltr'><strong>mina</strong></span> <span class='ocrx_word' id='word_1_300' title='bbox 475 1792 673 1832; x_wconf 84' lang='lat' dir='ltr'><strong>patrantes</strong></span> <span class='ocrx_word' id='word_1_301' title='bbox 689 1809 701 1827; x_wconf 90' lang='lat'>‚</span> <span class='ocrx_word' id='word_1_302' title='bbox 717 1795 880 1821; x_wconf 88' lang='lat' dir='ltr'><strong>numero</strong></span> <span class='ocrx_word' id='word_1_303' title='bbox 894 1788 1033 1833; x_wconf 81' lang='lat' dir='ltr'><strong>magis,</strong></span> <span class='ocrx_word' id='word_1_304' title='bbox 1047 1785 1159 1834; x_wconf 77' lang='lat' dir='ltr'><strong>quam</strong></span> <span class='ocrx_word' id='word_1_305' title='bbox 1173 1785 1316 1823; x_wconf 88' lang='lat' dir='ltr'><strong>merito</strong></span> <span class='ocrx_word' id='word_1_306' title='bbox 1331 1785 1379 1822; x_wconf 85' lang='lat' dir='ltr'><strong>ad</strong></span> <span class='ocrx_word' id='word_1_307' title='bbox 1396 1785 1605 1824; x_wconf 82' lang='lat' dir='ltr'><strong>Ecclefiam</strong></span> 
     </span>
     <span class='ocr_line' id='line_1_32' title="bbox 295 1832 1605 1885; baseline 0.003 -15"><span class='ocrx_word' id='word_1_308' title='bbox 295 1858 324 1875; x_wconf 60' lang='lat'><strong>7,</strong></span> <span class='ocrx_word' id='word_1_309' title='bbox 353 1832 544 1882; x_wconf 85' lang='lat' dir='ltr'><strong>pertinere</strong></span> <span class='ocrx_word' id='word_1_310' title='bbox 561 1834 627 1872; x_wconf 86' lang='lat' dir='ltr'><strong>vifi</strong></span> <span class='ocrx_word' id='word_1_311' title='bbox 642 1834 786 1883; x_wconf 75' lang='lat' dir='ltr'><strong>fuerint</strong></span> <span class='ocrx_word' id='word_1_312' title='bbox 799 1849 813 1875; x_wconf 67' lang='grc' dir='ltr'><strong>,ς</strong></span> <span class='ocrx_word' id='word_1_313' title='bbox 838 1835 1024 1883; x_wconf 85' lang='lat' dir='ltr'><strong>Episcopi,</strong></span> <span class='ocrx_word' id='word_1_314' title='bbox 1042 1834 1232 1885; x_wconf 87' lang='lat' dir='ltr'><strong>praemiffis</strong></span> <span class='ocrx_word' id='word_1_315' title='bbox 1248 1845 1377 1874; x_wconf 87' lang='lat' dir='ltr'><strong>tamen</strong></span> <span class='ocrx_word' id='word_1_316' title='bbox 1392 1835 1605 1875; x_wconf 71' lang='lat' dir='ltr'><strong>necessariis</strong></span> 
     </span>
     <span class='ocr_line' id='line_1_33' title="bbox 297 1884 1604 1934; baseline 0.003 -12"><span class='ocrx_word' id='word_1_317' title='bbox 297 1909 325 1927; x_wconf 85' lang='lat'><strong>‚‚</strong></span> <span class='ocrx_word' id='word_1_318' title='bbox 353 1885 658 1930; x_wconf 88' lang='lat' dir='ltr'><strong>monitionibus,</strong></span> <span class='ocrx_word' id='word_1_319' title='bbox 688 1884 918 1934; x_wconf 66' lang='lat' dir='ltr'><strong>servansque</strong></span> <span class='ocrx_word' id='word_1_320' title='bbox 942 1887 1027 1924; x_wconf 90' lang='lat' dir='ltr'><strong>aliis</strong></span> <span class='ocrx_word' id='word_1_321' title='bbox 1049 1886 1097 1924; x_wconf 89' lang='lat' dir='ltr'><strong>de</strong></span> <span class='ocrx_word' id='word_1_322' title='bbox 1120 1889 1204 1931; x_wconf 80' lang='lat' dir='ltr'><strong>jure</strong></span> <span class='ocrx_word' id='word_1_323' title='bbox 1219 1885 1413 1925; x_wconf 86' lang='lat' dir='ltr'><strong>servandis</strong></span> <span class='ocrx_word' id='word_1_324' title='bbox 1429 1914 1441 1932; x_wconf 95' lang='lat'><strong>,</strong></span> <span class='ocrx_word' id='word_1_325' title='bbox 1467 1896 1604 1926; x_wconf 86' lang='lat' dir='ltr'><strong>contra</strong></span> 
     </span>
     <span class='ocr_line' id='line_1_34' title="bbox 297 1936 1604 1986; baseline 0.003 -13"><span class='ocrx_word' id='word_1_326' title='bbox 297 1961 323 1979; x_wconf 88' lang='lat'><strong>,‚</strong></span> <span class='ocrx_word' id='word_1_327' title='bbox 352 1936 450 1982; x_wconf 85' lang='lat' dir='ltr'><strong>ipsos</strong></span> <span class='ocrx_word' id='word_1_328' title='bbox 467 1964 478 1981; x_wconf 96' lang='lat'><strong>,</strong></span> <span class='ocrx_word' id='word_1_329' title='bbox 507 1936 554 1975; x_wconf 84' lang='lat' dir='ltr'><strong>ad</strong></span> <span class='ocrx_word' id='word_1_330' title='bbox 583 1948 715 1986; x_wconf 85' lang='lat' dir='ltr'><strong>poenas</strong></span> <span class='ocrx_word' id='word_1_331' title='bbox 748 1937 968 1976; x_wconf 68' lang='lat' dir='ltr'><strong>aRomanis</strong></span> <span class='ocrx_word' id='word_1_332' title='bbox 995 1936 1244 1976; x_wconf 89' lang='lat' dir='ltr'><strong>Pontificibus</strong></span> <span class='ocrx_word' id='word_1_333' title='bbox 1269 1937 1604 1977; x_wconf 83' lang='lat' dir='ltr'><strong>Praedccefforibus</strong></span> 
     </span>
     <span class='ocr_line' id='line_1_35' title="bbox 294 1987 1604 2039; baseline 0.002 -14"><span class='ocrx_word' id='word_1_334' title='bbox 294 2012 320 2031; x_wconf 86' lang='grc'><strong>,,</strong></span> <span class='ocrx_word' id='word_1_335' title='bbox 350 1987 497 2026; x_wconf 89' lang='lat' dir='ltr'><strong>Nostris</strong></span> <span class='ocrx_word' id='word_1_336' title='bbox 516 2015 527 2034; x_wconf 91' lang='lat'>‚</span> <span class='ocrx_word' id='word_1_337' title='bbox 558 1988 595 2026; x_wconf 69' lang='grc' dir='ltr'><strong>δε</strong></span> <span class='ocrx_word' id='word_1_338' title='bbox 614 1990 634 2026; x_wconf 75' lang='grc' dir='ltr'><strong>ἐι</strong></span> <span class='ocrx_word' id='word_1_339' title='bbox 650 1988 775 2027; x_wconf 82' lang='lat' dir='ltr'><strong>Sacris</strong></span> <span class='ocrx_word' id='word_1_340' title='bbox 791 1988 979 2028; x_wconf 89' lang='lat' dir='ltr'><strong>Conciliis</strong></span> <span class='ocrx_word' id='word_1_341' title='bbox 1000 1990 1193 2037; x_wconf 80' lang='lat' dir='ltr'><strong>impositas</strong></span> <span class='ocrx_word' id='word_1_342' title='bbox 1207 2015 1218 2034; x_wconf 92' lang='lat'>‚</span> <span class='ocrx_word' id='word_1_343' title='bbox 1249 1988 1287 2026; x_wconf 84' lang='lat'>&amp;</span> <span class='ocrx_word' id='word_1_344' title='bbox 1314 1990 1430 2028; x_wconf 79' lang='lat' dir='ltr'><strong>etiam</strong></span> <span class='ocrx_word' id='word_1_345' title='bbox 1458 1991 1506 2029; x_wconf 88' lang='lat' dir='ltr'><strong>ad</strong></span> <span class='ocrx_word' id='word_1_346' title='bbox 1524 1991 1604 2039; x_wconf 86' lang='lat' dir='ltr'><strong>pri-</strong></span> 
     </span>
     <span class='ocr_line' id='line_1_36' title="bbox 290 2038 1604 2087; baseline 0.002 -10"><span class='ocrx_word' id='word_1_347' title='bbox 290 2062 319 2082; x_wconf 88' lang='lat'>„</span> <span class='ocrx_word' id='word_1_348' title='bbox 349 2041 549 2078; x_wconf 89' lang='lat' dir='ltr'><strong>vationem</strong></span> <span class='ocrx_word' id='word_1_349' title='bbox 568 2038 849 2077; x_wconf 87' lang='lat' dir='ltr'><strong>Beneficiorum</strong></span> <span class='ocrx_word' id='word_1_350' title='bbox 866 2066 876 2083; x_wconf 92' lang='lat'>‚</span> <span class='ocrx_word' id='word_1_351' title='bbox 903 2040 1244 2087; x_wconf 82' lang='lat' dir='ltr'><strong>Capellaniarum,</strong></span> <span class='ocrx_word' id='word_1_352' title='bbox 1273 2040 1604 2080; x_wconf 78' lang='lat' dir='ltr'><strong>&amp;Ecclefiastico-</strong></span> 
     </span>
     <span class='ocr_line' id='line_1_37' title="bbox 291 2090 1601 2141; baseline 0.004 -15"><span class='ocrx_word' id='word_1_353' title='bbox 291 2115 319 2135; x_wconf 94' lang='lat'><strong>,‚</strong></span> <span class='ocrx_word' id='word_1_354' title='bbox 349 2102 431 2128; x_wconf 90' lang='lat' dir='ltr'><strong>rum</strong></span> <span class='ocrx_word' id='word_1_355' title='bbox 446 2090 694 2137; x_wconf 86' lang='lat' dir='ltr'><strong>Officiorum,</strong></span> <span class='ocrx_word' id='word_1_356' title='bbox 710 2092 748 2128; x_wconf 90' lang='lat' dir='ltr'><strong>in</strong></span> <span class='ocrx_word' id='word_1_357' title='bbox 763 2091 941 2130; x_wconf 88' lang='lat' dir='ltr'><strong>omnibus</strong></span> <span class='ocrx_word' id='word_1_358' title='bbox 956 2091 1033 2129; x_wconf 88' lang='lat' dir='ltr'><strong>illis</strong></span> <span class='ocrx_word' id='word_1_359' title='bbox 1049 2092 1206 2137; x_wconf 84' lang='lat' dir='ltr'><strong>casibus,</strong></span> <span class='ocrx_word' id='word_1_360' title='bbox 1220 2091 1259 2129; x_wconf 87' lang='lat' dir='ltr'><strong>in</strong></span> <span class='ocrx_word' id='word_1_361' title='bbox 1273 2092 1407 2141; x_wconf 88' lang='lat' dir='ltr'><strong>quibus</strong></span> <span class='ocrx_word' id='word_1_362' title='bbox 1425 2093 1601 2141; x_wconf 70' lang='lat' dir='ltr'><strong>praedit‘ia</strong></span> 
     </span>
     <span class='ocr_line' id='line_1_38' title="bbox 287 2141 1598 2194; baseline 0.002 -15"><span class='ocrx_word' id='word_1_363' title='bbox 287 2166 316 2186; x_wconf 88' lang='grc'><strong>,,</strong></span> <span class='ocrx_word' id='word_1_364' title='bbox 346 2142 513 2190; x_wconf 88' lang='lat' dir='ltr'><strong>privatio</strong></span> <span class='ocrx_word' id='word_1_365' title='bbox 536 2143 557 2181; x_wconf 76' lang='lat' dir='ltr'><strong>a</strong></span> <span class='ocrx_word' id='word_1_366' title='bbox 572 2143 693 2180; x_wconf 85' lang='lat' dir='ltr'><strong>Sacris</strong></span> <span class='ocrx_word' id='word_1_367' title='bbox 707 2142 935 2182; x_wconf 87' lang='lat' dir='ltr'><strong>Canonibus</strong></span> <span class='ocrx_word' id='word_1_368' title='bbox 960 2141 1137 2192; x_wconf 83' lang='lat' dir='ltr'><strong>imposita</strong></span> <span class='ocrx_word' id='word_1_369' title='bbox 1154 2145 1206 2181; x_wconf 87' lang='lat' dir='ltr'><strong>est</strong></span> <span class='ocrx_word' id='word_1_370' title='bbox 1221 2171 1232 2188; x_wconf 92' lang='lat'>‚</span> <span class='ocrx_word' id='word_1_371' title='bbox 1251 2145 1431 2182; x_wconf 87' lang='lat' dir='ltr'><strong>humanis</strong></span> <span class='ocrx_word' id='word_1_372' title='bbox 1448 2145 1598 2194; x_wconf 86' lang='lat' dir='ltr'><strong>quibus-</strong></span> 
     </span>
     <span class='ocr_line' id='line_1_39' title="bbox 287 2193 1599 2244; baseline 0.004 -14"><span class='ocrx_word' id='word_1_373' title='bbox 287 2218 315 2237; x_wconf 87' lang='lat'>„</span> <span class='ocrx_word' id='word_1_374' title='bbox 345 2205 507 2243; x_wconf 90' lang='lat' dir='ltr'><strong>cumque</strong></span> <span class='ocrx_word' id='word_1_375' title='bbox 522 2193 733 2232; x_wconf 90' lang='lat' dir='ltr'><strong>rationibus</strong></span> <span class='ocrx_word' id='word_1_376' title='bbox 751 2194 986 2243; x_wconf 87' lang='lat' dir='ltr'><strong>posthabitis,</strong></span> <span class='ocrx_word' id='word_1_377' title='bbox 1000 2195 1222 2243; x_wconf 88' lang='lat' dir='ltr'><strong>procedant,</strong></span> <span class='ocrx_word' id='word_1_378' title='bbox 1240 2206 1448 2241; x_wconf 85' lang='lat' dir='ltr'><strong>memores,</strong></span> <span class='ocrx_word' id='word_1_379' title='bbox 1464 2197 1599 2244; x_wconf 86' lang='lat' dir='ltr'><strong>seipsos</strong></span> 
     </span>
     <span class='ocr_line' id='line_1_40' title="bbox 287 2245 1600 2297; baseline 0.002 -16"><span class='ocrx_word' id='word_1_380' title='bbox 287 2269 316 2289; x_wconf 90' lang='lat'><strong>,‚</strong></span> <span class='ocrx_word' id='word_1_381' title='bbox 345 2245 525 2297; x_wconf 71' lang='lat' dir='ltr'><strong>neglecstae</strong></span> <span class='ocrx_word' id='word_1_382' title='bbox 548 2245 785 2283; x_wconf 89' lang='lat' dir='ltr'><strong>subditorum</strong></span> <span class='ocrx_word' id='word_1_383' title='bbox 804 2246 1087 2285; x_wconf 89' lang='lat' dir='ltr'><strong>emendationis</strong></span> <span class='ocrx_word' id='word_1_384' title='bbox 1104 2245 1312 2296; x_wconf 83' lang='lat' dir='ltr'><strong>condignas</strong></span> <span class='ocrx_word' id='word_1_385' title='bbox 1330 2275 1341 2293; x_wconf 95' lang='lat'><strong>,</strong></span> <span class='ocrx_word' id='word_1_386' title='bbox 1368 2247 1456 2286; x_wconf 90' lang='lat' dir='ltr'><strong>Deo</strong></span> <span class='ocrx_word' id='word_1_387' title='bbox 1470 2246 1600 2286; x_wconf 87' lang='lat' dir='ltr'><strong>vindi-</strong></span> 
     </span>
     <span class='ocr_line' id='line_1_41' title="bbox 288 2296 855 2346; baseline 0 -11"><span class='ocrx_word' id='word_1_388' title='bbox 288 2320 315 2339; x_wconf 87' lang='lat'>„</span> <span class='ocrx_word' id='word_1_389' title='bbox 343 2308 387 2335; x_wconf 90' lang='lat' dir='ltr'><strong>ce</strong></span> <span class='ocrx_word' id='word_1_390' title='bbox 403 2324 414 2342; x_wconf 93' lang='lat'><strong>,</strong></span> <span class='ocrx_word' id='word_1_391' title='bbox 430 2308 561 2346; x_wconf 85' lang='lat' dir='ltr'><strong>poenas</strong></span> <span class='ocrx_word' id='word_1_392' title='bbox 577 2296 829 2345; x_wconf 88' lang='lat' dir='ltr'><strong>persoluturos</strong></span> <span class='ocrx_word' id='word_1_393' title='bbox 846 2326 855 2335; x_wconf 93' lang='lat'><strong>.</strong></span> 
     </span>
    </p>
   </div>
   <div class='ocr_carea' id='block_1_3' title="bbox 341 2346 1594 2440">
    <p class='ocr_par' dir='ltr' id='par_1_3' title="bbox 341 2346 1594 2440">
     <span class='ocr_line' id='line_1_42' title="bbox 341 2346 1594 2440; baseline 0.001 -53"><span class='ocrx_word' id='word_1_394' title='bbox 341 2361 362 2395; x_wconf 90' lang='lat'>7</span> <span class='ocrx_word' id='word_1_395' title='bbox 416 2375 443 2394; x_wconf 89' lang='lat'><strong>,‚</strong></span> <span class='ocrx_word' id='word_1_396' title='bbox 472 2346 547 2387; x_wconf 88' lang='lat' dir='ltr'><strong>Sed</strong></span> <span class='ocrx_word' id='word_1_397' title='bbox 571 2349 608 2388; x_wconf 63' lang='grc' dir='ltr'><strong>ὃς</strong></span> <span class='ocrx_word' id='word_1_398' title='bbox 629 2360 717 2388; x_wconf 87' lang='lat' dir='ltr'><strong>cum</strong></span> <span class='ocrx_word' id='word_1_399' title='bbox 732 2348 902 2388; x_wconf 86' lang='lat' dir='ltr'><strong>Personae</strong></span> <span class='ocrx_word' id='word_1_400' title='bbox 918 2349 1184 2440; x_wconf 52' lang='lat' dir='ltr'><strong>EccleFfifasticae</strong></span> <span class='ocrx_word' id='word_1_401' title='bbox 1213 2361 1409 2400; x_wconf 83' lang='lat' dir='ltr'><strong>nunquam</strong></span> <span class='ocrx_word' id='word_1_402' title='bbox 1439 2347 1594 2438; x_wconf 54' lang='lat' dir='ltr'><strong>satisssin</strong></span> 
     </span>
     <span class='ocr_line' id='line_1_43' title="bbox 1483 2412 1594 2439; baseline 0 0"><span class='ocrx_word' id='word_1_403' title='bbox 1483 2413 1506 2439; x_wconf 90' lang='lat' dir='ltr'><strong>o</strong></span> <span class='ocrx_word' id='word_1_404' title='bbox 1551 2412 1594 2439; x_wconf 87' lang='lat' dir='ltr'><strong>e-</strong></span> 
     </span>
    </p>
   </div>
  </div>
 </body>
</html>
