2043 2958
623 252 684 281 An
705 232 996 283 CoNcan
1015 229 1275 280 ROMANUM
1295 266 1305 278 .
1527 246 1627 286 209

293 303 361 351 jeu
391 304 528 340 decreti
542 330 554 349 ‚
576 304 698 354 poffint
714 305 882 353 expediri
897 303 1129 339 inhibitiones
1143 306 1265 350 vigore
1278 302 1526 351 appellationis
1550 310 1625 335 cum

303 356 496 402 insertione
521 357 672 404 ejusdem
680 358 856 405 fimplicis
874 357 975 402 copiae
992 366 1000 391 ε
1029 357 1082 390 ita
1100 365 1220 392 tamen
1235 384 1247 401 ,
1276 365 1317 392 ut
1331 359 1371 392 in
1385 365 1522 405 corpore
1536 351 1628 399 ejusss·

306 409 384 443 dem
398 408 627 445 inhibitionis
648 410 875 456 exprimatur
890 433 901 451 ,
933 407 1024 454 qudd
1039 407 1088 453 ‚Ji
1096 407 1285 454 sententia
1298 433 1310 451 ‚
1327 405 1406 452 five
1419 409 1626 444 decretum-a

310 460 505 507 insertum,
532 472 599 497 non
619 461 737 507 fuerit
753 461 866 495 latum
896 468 979 493 ante
994 461 1252 503 expeditionem
1278 460 1469 497 literarum
1485 456 1626 496 inhibi-

304 512 486 547 torialium
501 538 512 555 ,
524 512 586 547 vel
601 514 697 560 copia
713 523 780 548 non
784 511 905 557 faerit
919 510 1101 555 conformis
1116 511 1286 556 originali
1300 536 1312 555 ‚
1325 511 1518 557 sententia:
1531 536 1542 554 ‚
1549 509 1626 556 five

305 564 445 599 decreto
460 565 678 610 promulgato
697 590 707 607 ‚
731 574 816 599 tunc
829 562 998 598 inhibitio
1013 560 1217 598 nullatenus
1231 563 1305 598 vim
1318 563 1449 598 habeat
1463 589 1475 607 ‚
1498 561 1534 601 <5
1549 561 1627 608 affi-

305 618 378 650 ciat
391 641 402 659 ‚
419 613 531 658 ficati
540 616 724 663 praesentis
738 617 871 650 decreti
884 623 1004 650 tenore
1019 611 1116 650 nulla
1129 638 1141 657 ‚
1159 611 1196 653 ἐς
1209 615 1321 650 irrita
1336 615 1543 651 declaratur
1557 640 1569 659 ,
1582 623 1626 650 ut

306 668 447 714 impune
455 667 584 715 sperni
595 668 691 716 poffit
708 694 718 711 ‚
741 679 779 701 ac
792 665 911 701 valeat
928 692 938 702 .

411 719 575 756 Ca-veant
589 731 708 756 autem
724 718 883 755 Notarii
902 743 913 761 ,
936 727 978 752 ne
992 716 1223 753 inhibitiones
1242 718 1366 763 vigore
1379 717 1627 766 appellationis

303 772 492 806 concedant
506 798 521 816 2
534 772 599 818 nisi
622 783 697 807 cum
711 771 807 816 copia
819 769 963 815 publica
979 770 1025 803 ad
1036 768 1189 814 formam
1216 770 1382 806 diciorum
1396 770 1626 806 Decretorum

291 821 364 868 sub
395 823 577 859 Clemente
588 824 675 858 Vll
676 824 707 858 Ι.
722 846 734 865 ,
759 819 797 859 ἐς*
819 823 858 856 in
882 820 1008 866 castbus
1024 820 1310 865 particularibus
1340 833 1416 856 cum
1432 822 1528 868 copia
1538 817 1626 863 fim-

298 873 390 920 plici
407 900 418 916 ‚
447 875 542 909 modo
559 882 677 908 tamen
681 872 794 917 supra
807 874 961 916 expresso
975 894 987 911 ‚
1005 870 1098 913 fufio
1115 871 1157 903 de
1173 870 1230 904 his
1244 872 1349 907 verbo
1371 884 1447 907 cum
1463 872 1599 920 Judice
1613 897 1627 915 ,

290 924 361 971 sub
374 923 706 972 poenafiispenfionis
724 922 768 958 ab
780 919 884 968 officio
898 946 912 966 ,
928 918 1079 968 aliisque
1095 922 1346 968 corporalibus,
1361 923 1514 963 arbitrio
1528 923 1562 960 S
1563 933 1627 965 anf

305 975 442 1012 fiitatis
462 978 547 1013 Suae
561 1002 569 1012 .

360 1026 429 1066 Ad
446 1041 483 1073 9.
501 1028 716 1065 Decretum
1123 1056 1126 1059 .

411 1080 596 1116 Sanfiitas
614 1081 694 1116 Sua
723 1078 880 1115 declarat
895 1102 908 1121 ,
933 1074 971 1117 <5
999 1077 1171 1123 mandat,
1198 1079 1239 1115 in
1263 1080 1342 1128 casu
1366 1081 1545 1129 praetensae
1567 1082 1627 1118 itt-¹

310 1130 438 1167 debitae
463 1133 712 1168 carcerationis
736 1156 748 1174 ,
777 1127 1019 1180 quatenus-fit
1035 1129 1192 1177 sequuta
1220 1144 1295 1168 cum
1321 1135 1485 1170 mandato
1510 1134 1627 1182 Judi-

306 1184 356 1218 cis
386 1183 524 1219 verbali
549 1210 559 1228 ‚
592 1192 634 1219 ut
654 1182 775 1230 poffint
812 1182 976 1228 expediri
1001 1181 1230 1217 inhibitiones
1268 1187 1389 1230 vigore
1416 1186 1625 1232 appellatio-

303 1235 360 1270 nis
387 1260 399 1278 ,
427 1233 565 1282 constito
588 1236 732 1270 tantum
760 1234 802 1269 de
828 1234 1065 1269 carceratione
1083 1242 1152 1280 per
1171 1234 1357 1280 publicum
1380 1237 1625 1272 documentum

307 1285 467 1324 Notarii
494 1312 507 1330 ,
540 1286 601 1322 vel
623 1286 855 1328 carcerarii,
883 1282 963 1327 sive
985 1284 1096 1318 etiam
1120 1297 1198 1320 cum
1222 1285 1427 1334 depositione
1452 1290 1628 1324 duorum-³

305 1337 457 1386 Testium
471 1364 480 1374 .
513 1340 559 1375 In
571 1337 690 1386 Causis
718 1339 801 1374 vero*
817 1338 1030 1373 comminatae
1051 1335 1188 1383 injustae
1203 1340 1454 1375 carcerationis
1467 1366 1479 1384 ,
1502 1349 1627 1375 tortu-

307 1400 356 1425 rae
369 1416 382 1434 ‚
409 1390 471 1428 vel
482 1390 849 1428 excommunicationis
862 1389 1068 1433 ‚Samnitas
1085 1389 1165 1424 Sua
1185 1390 1341 1427 declarat
1353 1418 1365 1435 ,
1392 1389 1430 1430 ἐς
1452 1392 1598 1427 mandat
1611 1417 1626 1436 ,

307 1451 351 1478 ut
364 1453 435 1479 non
448 1444 687 1491 expediantur
698 1443 926 1479 inhibitiones
933 1440 1118 1486 generales
1132 1465 1145 1484 ‚
1160 1438 1198 1479 ὂ
1215 1441 1411 1486 indefinitae
1424 1468 1436 1486 ‚
1451 1443 1523 1489 sed
1536 1453 1626 1478 tan-

302 1494 380 1529 tum
408 1495 682 1543 compulsoriales
702 1504 769 1542 pro
796 1491 1042 1540 tranfimffione
1066 1493 1170 1538 copiae
1185 1494 1357 1530 Af‘t'orum
1394 1495 1442 1528 ad
1470 1494 1628 1541 effkfium

302 1546 546 1593 cognoscendi,
573 1559 619 1583 an
636 1543 688 1591 fit
701 1546 926 1590 deferendum
942 1571 953 1589 ‚
978 1555 1084 1582 necne
1115 1545 1370 1591 appellationi,
1393 1546 1557 1592 adjunfla
1585 1548 1627 1583 in

302 1597 403 1633 dietis
427 1598 546 1636 literis
576 1598 894 1646 compulsbrialibus
920 1596 1166 1640 inhibitione,
1205 1607 1247 1633 ut
1272 1599 1421 1633 interim
1452 1597 1577 1648 Judex
1604 1598 1627 1633 a

301 1660 367 1696 quo
388 1651 434 1685 ad
447 1650 621 1687 ulteriora
640 1662 706 1686 non
728 1651 899 1698 procedat
915 1659 925 1684 ε
955 1646 995 1687 <5
1007 1655 1181 1696 quatenus
1194 1673 1206 1691 ‚
1228 1645 1311 1693 visis
1323 1648 1426 1685 Afris
1439 1674 1452 1693 ‚
1478 1649 1629 1695 resultet

303 1703 448 1738 evidens
474 1715 671 1749 gravamen
685 1729 697 1748 ,
719 1712 804 1740 tunc
834 1702 1052 1737 admittatur
1079 1700 1270 1746 appellatio
1294 1712 1370 1737 cum
1386 1701 1626 1745 inhibitione,

302 1751 341 1791 <⁷25
357 1754 473 1801 Causa
487 1755 706 1802 cognoscatur
733 1765 846 1790 coram
860 1753 992 1800 Judice
1007 1752 1054 1786 ad
1066 1761 1166 1796 quem
1178 1767 1195 1790 5
1208 1752 1243 1798 fi
1267 1754 1352 1788 vero*
1375 1754 1418 1787 de
1433 1751 1628 1799 hnjtffmodi

297 1808 512 1849 gravamine
541 1818 609 1842 non
623 1806 749 1854 constet
764 1831 776 1849 ‚
802 1805 1013 1840 remittatur
1028 1800 1143 1846 Calda
1159 1803 1206 1837 a'd
1230 1802 1400 1851 Judicem
1424 1805 1445 1840 ὰ
1459 1816 1523 1855 quo
1541 1830 1552 1849 ,
1570 1815 1627 1839 co-

297 1856 492 1902 gnescenda
508 1858 548 1893 in
557 1860 675 1903 prima
687 1857 855 1906 instantia
871 1882 881 1892 .

352 1907 418 1945 Ad
441 1920 473 1945 1.
490 1906 529 1945 &
547 1922 580 1945 2.
596 1908 810 1946 Decretum
827 1904 978 1946 Urbani
995 1903 1103 1944 VIII.

403 1962 554 1997 Statuit
566 1971 740 2008 praeterea
754 1960 1028 2005 Sanft'itassua‚
1043 1958 1136 2006 quo'd
1144 1958 1184 1992 in
1199 1958 1319 2006 Caufis
1334 1960 1476 1997 violatae
1492 1961 1617 2009 Jurts-

298 2012 458 2047 dif'r'ionis
474 2039 484 2056 ‚
513 2014 757 2049 Immunitatis
772 2038 783 2055 ,
812 2010 850 2050 &⁹
868 2012 1051 2047 libertatis
1077 2009 1317 2058 Ecclefiastieae
1335 2014 1387 2048 A*
1406 2013 1449 2049 C.
1473 2014 1534 2048 vel
1546 2014 1622 2047 alia

297 2064 462 2111 quelibet
483 2065 691 2101 Tribunalia
707 2065 817 2101 vrbis
835 2090 846 2108 ‚
876 2062 915 2103 ἐς
931 2073 1034 2099 extra
1050 2074 1125 2097 eam
1138 2087 1150 2106 ‚
1171 2073 1346 2110 nequeant
1369 2064 1621 2111 appellationes

299 2117 491 2152 admittere
509 2144 519 2161 ‚
555 2117 788 2153 inhibitiones
819 2116 980 2152 relaxare
999 2140 1011 2159 ,
1045 2124 1111 2150 aut
1141 2113 1389 2159 absolutionem
1407 2118 1427 2151 it
1444 2116 1596 2163 censuris
1609 2142 1620 2159 ‚

298 2170 409 2204 etiam
432 2182 507 2205 cnm
532 2170 770 2205 reincidentia
786 2195 798 2212 ‚
828 2169 888 2206 vel
898 2169 944 2204 ad
956 2167 1151 2209 cautelam,
1182 2168 1387 2212 concedere,
1402 2168 1472 2215 fid
1500 2180 1620 2204 recur-

294 2219 353 2264 sus
366 2248 377 2264 ,
403 2221 440 2261 ἐς
456 2222 707 2269 appellationes
726 2218 816 2265 fieri
836 2222 977 2258 tantam
996 2218 1118 2268 poffint
1139 2219 1186 2254 ad
1200 2220 1286 2255 Soc.
1306 2215 1619 2267 Congregationem

297 2274 545 2310 Immunitatis
564 2301 572 2311 .
605 2270 752 2324 dest
763 2273 804 2309 in
818 2273 938 2322 aliqua
953 2273 1067 2320 Causa
1082 2270 1246 2307 dubitari
1259 2274 1454 2319 contingat,
1468 2284 1514 2307 an
1533 2282 1622 2316 aga-

301 2334 364 2361 tur
379 2330 422 2363 de
438 2328 515 2374 casu
527 2327 666 2363 vielatae
682 2326 929 2362 Immunitatis
948 2324 1032 2372 ‚seu
1047 2323 1312 2372 Jurisdiflionis
1328 2351 1338 2368 ‚
1358 2335 1420 2360 aut
1436 2323 1619 2358 libertatis

301 2376 542 2428 Ecclefiasticae
557 2407 570 2428 ‚
584 2378 814 2429 supersederi
833 2379 958 2418 debeat
978 2379 1021 2417 in
1032 2376 1149 2468 gagfa
1174 2388 1289 2415 coram
1303 2376 1459 2424 quolibet
1472 2375 1618 2462 JZdices

1527 2435 1609 2461 01160
