2043 2958
453 238 552 282 218
923 235 1303 283 Avame

881 372 885 379 s
1063 348 1165 388 xv.

715 437 1493 502 DECRETUM

452 560 1268 621 Fel.rec.CLEMENTIS
1324 561 1601 620 PAPAE
1653 561 1759 619 XI.
1816 548 1818 551 ’

526 678 676 728 Circa
706 682 1086 733 celebrationem
1114 688 1166 732 in
1183 684 1423 732 Oratoriis
1453 684 1660 749 privatis
1680 717 1696 740 ,

668 767 948 802 emanatum
984 772 1003 802 1
1015 773 1059 818 5.
1081 753 1378 805 Decembris
1405 770 1498 813 170
1505 770 1549 814 3.

785 876 862 913 Cit.
887 878 962 914 Tit.
979 879 1074 916 XV.
1101 879 1190 926 Cap.
1208 879 1263 914 II.
1288 888 1374 925 pag.
1387 890 1451 925 49.

155 976 211 1007 Ad
234 976 300 1023 Titg
324 979 371 1008 De
385 986 430 1008 ce·
619 975 659 1014 O
673 992 699 1016 N
715 992 741 1016 N
757 991 782 1016 υ
797 990 820 1016 L
833 990 856 1016 L
872 992 883 1015 1
914 978 1114 1029 Episcopi,
1143 981 1181 1019 &
1206 979 1424 1028 complures
1438 980 1646 1028 Regulares
1658 1005 1670 1025 ‚
1701 978 1765 1016 sub

153 1017 231 1049 ἰών·
244 1018 431 1058 Mffffm'um·
635 1038 814 1075 praetextu
842 1028 1134 1076 privilegiorum
1147 1055 1160 1074 ‚
1189 1041 1234 1066 ea
1263 1031 1331 1066 fibi
1355 1031 1473 1067 licere
1491 1037 1628 1078 putant
1647 1056 1659 1075 ‚
1689 1041 1767 1077 quae

634 1079 828 1126 prohibita
855 1083 968 1120 sunts
998 1078 1185 1128 siquidem
1207 1078 1406 1128 Episcopi,
1430 1081 1549 1118 etiam
1582 1080 1622 1118 in
1647 1079 1772 1118 aliena

458 1129 626 1173 Dioecefi
644 1155 656 1175 ‚
683 1140 790 1169 extra
814 1130 974 1168 domum
992 1131 1150 1181 propriae
1163 1130 1417 1169 habitationis
1430 1158 1442 1177 ‚
1455 1132 1492 1169 in
1510 1131 1666 1181 privatis
1678 1129 1769 1169 Lai-

461 1194 597 1224 corum
610 1181 803 1221 Domibus
827 1181 923 1230 erigi
946 1181 1091 1220 faciunt
1107 1182 1246 1221 Altare
1262 1209 1274 1227 ,
1302 1180 1431 1232 ibique
1445 1195 1512 1233 per
1525 1193 1646 1222 unum
1661 1210 1673 1229 ‚
1702 1189 1768 1220 aut

462 1236 588 1286 plures
611 1233 631 1270 ὲ
647 1233 719 1272 suis
734 1233 980 1284 Cappellanis
992 1232 1187 1273 vivificam
1202 1233 1345 1272 Christi
1358 1235 1522 1272 hostiam
1536 1231 1737 1273 immolari
1755 1248 1770 1274 ,-

461 1285 671 1336 Regulares
692 1288 784 1324 vero
808 1287 847 1323 in
863 1285 1088 1333 quibusdam
1104 1285 1335 1333 Magnatum
1353 1312 1365 1329 ‚
1387 1285 1447 1323 seu
1463 1285 1627 1324 aliarum
1644 1284 1768 1323 Nobi-

464 1336 561 1376 lium
583 1336 827 1386 personarum
840 1335 1000 1386 privatis
1011 1334 1207 1375 Oratoriis
1222 1363 1234 1380 ,
1249 1348 1328 1384 quae
1342 1337 1457 1374 certis
1478 1336 1705 1385 quandoque
1721 1349 1768 1375 ex

465 1388 584 1426 caufis
608 1390 630 1426 a
652 1388 750 1426 Sede
765 1386 990 1436 Apostolica
1017 1386 1176 1424 concedi
1203 1387 1352 1432 solent,
1380 1387 1571 1426 celebrare
1599 1387 1741 1426 audent
1758 1414 1771 1431 ‚

465 1440 528 1479 vel
556 1438 681 1488 plures
703 1437 835 1477 Miffas
849 1465 860 1482 ‚
884 1438 998 1486 quam
1023 1439 1061 1474 in
1076 1438 1120 1474 iis
1135 1437 1180 1474 fit
1197 1437 1415 1484 indultum,
1444 1441 1506 1477 vel
1526 1439 1663 1488 absque
1679 1451 1771 1487 prae«

464 1489 586 1529 sentia
603 1489 845 1538 personarum
860 1516 871 1534 ‚
882 1498 1043 1538 quarum
1058 1489 1388 1537 contemplatione
1402 1490 1571 1541 gratiosa
1583 1488 1771 1528 conceffio

467 1541 668 1581 emanavit
684 1567 696 1586 ‚
710 1543 772 1580 vel
788 1550 896 1579 extra
908 1540 1057 1578 debitas
1071 1541 1184 1578 horas
1196 1568 1206 1585 ,
1222 1539 1259 1578 &
1274 1542 1355 1589 post
1368 1540 1575 1582 meridiem
1590 1569 1602 1587 ‚
1616 1541 1679 1579 vel
1697 1540 1772 1579 illis

467 1594 591 1631 etiam
621 1592 783 1638 diebus,
812 1592 946 1639 quibus
974 1603 1040 1640 pei·
1065 1590 1373 1632 Constitutiones
1400 1591 1680 1637 Dioecesanas,
1707 1598 1774 1630 aut

470 1645 591 1682 etiam
606 1644 775 1682 Decreta
799 1643 881 1680 Sac.
899 1642 1226 1690 Congregationis
1243 1643 1415 1682 Concilii
1443 1645 1630 1683 celebrari
1644 1644 1775 1693 prohi-

471 1697 611 1733 bentur
627 1721 639 1739 ‚
663 1702 729 1732 aut
750 1706 829 1743 quae
844 1693 883 1730 in
899 1693 983 1741 ipsis
995 1692 1156 1730 indultis
1167 1693 1405 1740 Apostolicis
1422 1696 1661 1745 excipiuntur
1675 1722 1687 1740 ‚
1700 1707 1776 1744 quo

472 1746 602 1785 minus
622 1744 748 1782 inillis
762 1745 948 1783 celebrari
963 1742 1100 1792 poffint
1115 1770 1126 1788 ‚
1151 1752 1216 1782 aut
1240 1745 1358 1784 etiam
1373 1748 1507 1787 Altari
1521 1746 1692 1796 portatili
1721 1746 1777 1784 uti

473 1810 553 1837 non
567 1803 761 1842 verentur,
771 1796 809 1834 in
825 1795 1041 1834 santstarum
1055 1795 1295 1835 sanctionum
1308 1806 1593 1846 contemptum,
1605 1809 1648 1836 ac
1661 1795 1778 1835 saneti

477 1845 665 1888 Sacrificii
689 1846 988 1887 irreverentiam
1004 1875 1012 1884 .
1043 1846 1313 1896 Quamobrem
1339 1849 1388 1888 ad
1417 1850 1551 1889 abusus
1567 1848 1780 1894 hujusmodi

477 1898 737 1940 eliminandos
754 1927 765 1945 ,
795 1900 832 1938 δε
856 1897 904 1937 ad
931 1899 1212 1939 instaurandam
1230 1902 1550 1947 venerationem,
1578 1900 1781 1939 tremendo

478 1952 663 2001 mysterio
676 1951 851 1990 debitam
869 1977 880 1996 ,
901 1949 1159 1993 Santstiffimus
1173 1951 1365 1992 Dominus
1375 1953 1516 1992 Noster
1529 1979 1541 1998 ‚
1571 1966 1619 1991 ex
1642 1952 1781 1992 unani-

478 2005 644 2043 mivoto
671 2002 705 2040 S.
721 2003 765 2041 R.
782 2003 823 2040 E.
839 2001 1129 2048 Cardinalium,
1158 2003 1327 2043 Concilii
1349 2005 1569 2044 Tridentini
1596 2005 1785 2054 Interpre-

480 2063 579 2099 tum‚
596 2053 812 2092 inhaerendo
824 2053 1163 2100 declarationibus,
1179 2056 1274 2094 alias
1289 2058 1361 2095 hac
1374 2056 1421 2095 de
1439 2069 1476 2095 re
1490 2056 1602 2095 editis
1613 2083 1626 2102 ‚
1639 2055 1784 2105 expres-

483 2106 523 2144 se
544 2105 718 2143 declarat
745 2116 754 2141 t
787 2104 1004 2153 Episcopis‚
1032 2106 1069 2145 3:
1091 2108 1151 2145 his
1178 2107 1386 2152 majoribus
1411 2109 1578 2147 Praelatis
1600 2135 1612 2154 ‚
1640 2108 1784 2145 etiam

485 2155 757 2195 Cardinalatus
769 2155 960 2204 dignitate
972 2157 1209 2215 fulgentibus
1223 2185 1234 2204 ‚
1258 2171 1378 2208 neque
1392 2160 1456 2198 sub
1471 2166 1648 2209 praetextu
1666 2156 1787 2208 privi-

485 2207 580 2259 legii
605 2206 718 2244 clausi
740 2206 776 2244 iu
792 2220 951 2256 corpore
974 2211 1091 2254 juris,
1118 2222 1242 2259 neque
1256 2212 1334 2249 alio
1346 2224 1493 2261 quoque
1509 2210 1623 2249 titulo
1638 2237 1651 2255 ,
1679 2210 1787 2247 nullo

487 2257 609 2315 modo
632 2257 747 2314 licere
778 2266 884 2314 extra
905 2258 1065 2298 domum
1084 2263 1240 2312 propriae
1253 2263 1528 2306 habitationis,
1553 2262 1591 2299 in
1606 2259 1785 2300 domibus

490 2310 622 2353 laic1S‚
647 2318 766 2364 etiam
786 2322 825 2347 in
840 2313 991 2360 propria
1009 2312 1176 2352 Dioecefi
1191 2341 1202 2358 ‚
1230 2315 1331 2362 quod
1345 2314 1480 2353 fortius
1502 2311 1733 2362 intelligitur
1750 2313 1788 2351 in

493 2361 617 2400 aliena
631 2386 644 2407 ‚
673 2361 822 2401 etlamfi
844 2362 1064 2403 Dioecesani
1086 2365 1284 2404 consensus
1311 2366 1555 2404 adhiberetur
1575 2390 1588 2410 ,
1616 2366 1789 2414 erigere)

1636 2417 1792 2462 Altam,
