2043 2958
440 206 536 250 174
897 192 1274 240 Appenntx

433 259 620 299 Dioecefis
633 258 1176 311 CafinenfisJurisdic‘tionem
1192 290 1204 308 ‚
1218 262 1339 300 etiam
1355 262 1402 300 de
1418 275 1537 310 novo,
1551 265 1588 302 in
1608 276 1742 315 perpe-

433 320 542 350 tuum
569 312 816 350 concedimus
834 341 844 357 ,
869 314 1111 354 attribuimus
1127 340 1139 358 ,
1166 313 1204 352 ὃι
1219 313 1474 362 affignamus,
1499 316 1537 354 ὃς
1559 328 1626 365 pro
1647 329 1740 355 con-

151 374 196 401 De
210 372 344 405 Abbatis
355 375 408 406 be-
435 361 528 402 cefl'a
547 390 559 408 ‚
583 361 768 401 attributa
783 391 795 408 ‚
826 365 864 403 ὃ(
876 363 1062 417 affignata
1077 367 1125 404 ab
1141 365 1319 404 omnibus
1335 366 1466 404 haberi
1483 368 1659 406 volumus
1672 395 1683 412 ‚
1699 369 1737 407 ὃς

129 414 315 446 Μόῑέίῑοηε
344 416 405 448 in--
436 415 694 453 mandamus.
725 415 817 464 (Qo
848 421 942 456 vero
968 418 1016 456 ad
1044 418 1256 456 solemnem
1272 417 1583 457 benedictionem
1605 420 1741 457 Abba-

128 457 271 527 {U‘Pffldm
300 458 406 508 '⁶¹¹1‘st
435 475 518 505 tum
540 466 755 505 futurorum
776 469 940 514 ejusdem
959 470 1175 510 Cafinenfis
1188 467 1432 513 Mouasterii‚
1448 469 1657 509 Decretum
1673 482 1743 508 au-

129 501 407 572 lffimaanjcssssgss'eff
435 518 569 556 tedicsti
592 517 720 557 Nostri
736 519 902 559 Concilii
919 522 1084 560 Romani
1100 549 1112 568 ,
1142 521 1181 558 ὃ(
1204 522 1334 574 legem
1353 532 1373 559 a
1391 520 1513 559 Nobis
1542 521 1637 562 inibi
1652 534 1743 572 prae-

131 588 198 611 tum
210 602 219 612 ‚
434 569 612 618 scriptam
629 570 771 609 servari
793 574 970 612 volumus
985 601 995 611 .

538 620 604 658 Ad
615 621 695 657 haec
706 648 718 665 ,
743 630 785 660 ut
799 625 926 663 omnis
940 626 1028 663 ansa
1041 652 1053 670 ‚
1080 633 1195 674 atque
1207 625 1429 663 fomentum
1445 625 1744 675 quibuscumque

435 671 684 710 ulterioribus
711 672 894 721 dissidiis,
922 677 960 715 &
974 677 1290 716 contentionibus
1307 677 1557 726 praecidatur‚
1579 678 1743 725 Capitu-

435 724 475 761 lo
489 749 501 768 ,
526 723 565 762 &
579 722 792 765 Canonicis
809 727 993 776 praedifftae
1005 727 1231 778 Collegiatae
1254 729 1426 767 Ecclefiae
1445 755 1457 774 ,
1483 740 1631 766 necnon
1655 729 1745 766 reli-

435 786 511 823 quo
524 774 644 813 Clero
660 803 672 821 ‚
685 776 938 818 Univerfitati
952 808 964 825 ‚
975 780 1212 820 Hominibus
1226 808 1238 826 ‚
1256 780 1293 818 ὃς
1306 780 1452 830 Populo
1470 780 1612 828 praefati
1624 780 1746 829 Oppi-

435 827 474 864 di
501 853 513 871 ,
540 826 598 864 seu
629 827 809 867 Civitatis
835 831 964 870 Sancti
991 833 1205 876 Germani,
1232 832 1357 880 quoad
1389 831 1577 880 petitam,
1598 843 1675 879 ⁴ac,
1703 839 1744 869 ut

152 903 198 932 Im
226 903 317 932 ontio
355 914 405 935 er·
433 878 654 926 praefertur,
671 881 853 925 rejectam
872 882 1115 930 Episcopatus
1133 911 1145 928 ‚
1167 882 1201 919 ὃ(
1218 882 1463 922 Cathedralis
1478 884 1713 921 erectionem
1731 910 1743 928 ‚

128 914 363 983 petufiileiitii’.
436 930 498 967 seu
525 930 807 969 restitutionem
836 933 874 970 in
902 935 1037 972 eadem
1061 932 1282 982 Collegiata
1309 933 1476 988 Ecclesia
1504 934 1745 972 Sauc‘tiGer-

435 981 568 1024 mani,
597 992 820 1030 perpetuum
849 985 1043 1023 suentium
1061 986 1285 1033 Apostolica
1314 986 1552 1021 authoritate
1583 993 1745 1024 tenore)

433 1031 679 1080 praesentium
706 1033 944 1081 imponimus
970 1063 981 1080 ‚
1018 1036 1054 1072 ἀ
1084 1035 1304 1083 impositum
1333 1034 1404 1072 efl'e
1429 1034 1605 1072 volumus
1632 1047 1641 1072 z
1671 1036 1745 1073 illis

434 1082 612 1120 omnibus
640 1082 808 1122 districte
828 1084 1116 1135 praecipientes‚
1140 1097 1184 1123 ac
1213 1085 1459 1130 inhibentes,
1485 1097 1531 1123 ne
1555 1084 1603 1124 de
1617 1095 1747 1124 cetero

433 1142 669 1172 memoratos
685 1135 882 1174 Abbatem
898 1165 909 1182 ,
931 1138 969 1176 &a
983 1138 1202 1177 Monachos
1218 1137 1323 1186 super
1339 1136 1552 1182 hujusmodi
1566 1139 1744 1186 praetensa

433 1185 626 1224 erectione
643 1212 655 1231 ‚
679 1186 741 1224 seu
768 1188 1006 1227 restitutione
1034 1201 1172 1228 vexare
1191 1216 1203 1234 ‚
1229 1187 1444 1238 iuquietare
1461 1214 1472 1231 ,
1499 1190 1746 1235 perturbare,

432 1237 558 1275 ullave
575 1238 741 1286 amplius
761 1239 933 1277 molestia
955 1239 1108 1278 afficere
1125 1241 1289 1279 audeant
1302 1267 1314 1284 ‚
1343 1240 1404 1278 seu
1423 1238 1663 1288 praesumant,
1682 1242 1745 1277 sub

433 1288 558 1338 poenis
588 1288 754 1335 Nostro,
780 1291 817 1329 δε
838 1290 1003 1328 Romani
1033 1291 1232 1331 Pontifieis
1261 1303 1328 1341 pro
1354 1300 1527 1339 tempore
1554 1292 1745 1329 existentis

433 1340 597 1377 arbitrio
626 1340 870 1390 infligendiss
898 1355 942 1381 ac
963 1344 1018 1381 ita
1042 1344 1237 1394 perpetuis
1263 1342 1402 1381 futuris
1418 1343 1654 1392 temporibus
1676 1344 1747 1380 ob-

433 1388 573 1429 servari
597 1390 736 1430 debere
754 1392 941 1431 sancimus
955 1395 1222 1439 ‚decernimus
1235 1421 1246 1439 ,
1277 1396 1315 1435 ὃς
1333 1394 1562 1431 mandamus
1577 1421 1586 1432 .

536 1442 798 1482 Decernentes
813 1446 970 1494 pariter,
984 1446 1133 1485 easdem
1152 1447 1348 1496 praesentes
1365 1445 1511 1483 Literas
1525 1446 1668 1495 semper
1681 1473 1693 1490 ,
1705 1445 1744 1483 ὃς

124 1476 404 1549 ηῃυῑξξικωςζῗξζ
432 1494 617 1542 perpetuo
632 1492 780 1534 validas
794 1523 806 1541 ‚
823 1496 952 1536 firmas
968 1525 979 1544 ‚
1008 1499 1046 1538 &
1063 1497 1238 1537 efficaces
1254 1498 1413 1536 existere
1424 1524 1436 1541 ,
1454 1507 1498 1551 ac
1512 1497 1594 1535 fore
1609 1524 1620 1542 ,
1647 1497 1745 1535 suos-

126 1538 265 1590 claustri}
300 1558 402 1590 subla-
433 1557 503 1593 que
517 1545 709 1592 plenarios
726 1572 738 1590 ‚
751 1548 974 1599 &integros
993 1548 1149 1589 effeetus
1167 1549 1291 1589 sortiri
1307 1575 1319 1594 ,
1335 1547 1373 1585 δε
1388 1548 1563 1586 obtinere
1578 1548 1717 1587 debere
1733 1575 1744 1593 ,

123 1609 157 1630 ta
168 1621 179 1630 .
430 1607 475 1633 ac
500 1596 607 1634 nullo
619 1608 799 1644 umquam
816 1607 991 1647 tempore
1008 1613 1052 1639 ex
1067 1612 1309 1649 quocumque
1322 1599 1449 1649 capite
1465 1626 1477 1644 ‚
1501 1601 1560 1638 vel
1577 1601 1746 1649 qualibet

431 1646 540 1683 causa
558 1673 570 1691 ,
595 1650 842 1695 quantumvis
869 1650 1045 1701 legitima
1060 1679 1071 1697 ‚
1093 1653 1131 1691 ὃ(
1156 1651 1319 1696 juridica
1334 1676 1346 1695 ,
1360 1650 1479 1687 etiam
1501 1663 1546 1688 ex
1564 1663 1624 1695 eo,
1642 1651 1745 1700 quod

432 1697 559 1746 aliqua
578 1710 624 1736 ex
640 1699 831 1747 praemiffis
846 1729 857 1747 ‚
883 1702 1047 1740 narratis
1063 1730 1075 1747 ,
1089 1715 1132 1741 ac
1147 1701 1323 1752 expofitis
1339 1712 1414 1738 uon
1429 1699 1661 1740 subfisterent
1679 1730 1690 1747 ‚
1708 1701 1745 1738 St

432 1749 660 1798 Capitulum
677 1777 687 1794 ‚
721 1757 758 1790 ὅ(
775 1751 967 1791 Canonici
982 1754 1021 1791 d.
1037 1754 1264 1803 Collegiatae
1281 1752 1452 1790 Ecclefiae
1479 1753 1513 1790 S.
1529 1753 1715 1791 Germani
1732 1779 1744 1796 ,

432 1801 471 1838 ἓ(
501 1801 730 1850 quicumque
757 1803 822 1840 alii
850 1804 1119 1853 cujuscumque
1145 1806 1310 1856 gradus,
1341 1804 1376 1840 bt
1407 1803 1642 1843 conditionis
1666 1805 1747 1843 exi-

432 1853 556 1896 stant,
587 1854 624 1889 in
648 1853 838 1901 praemiffis
853 1856 1030 1895 omnibus
1044 1884 1054 1900 ‚
1083 1858 1119 1896 8<
1136 1857 1290 1906 singulis
1305 1881 1316 1899 ‚
1341 1853 1378 1891 &
1394 1854 1496 1894 circa
1514 1867 1559 1895 ea
1582 1868 1745 1905 quomo-

432 1902 579 1941 dolibet
596 1930 607 1948 ‚
623 1905 659 1943 ὃ(
675 1917 718 1943 ex
735 1906 869 1954 quavis
882 1907 990 1946 causa
1003 1936 1014 1953 ‚
1029 1908 1178 1946 ratione
1194 1936 1205 1953 ‚
1222 1907 1339 1947 titulo
1354 1932 1365 1950 ,
1380 1907 1418 1945 8(
1433 1908 1634 1947 occafione
1659 1911 1716 1955 jus
1731 1934 1743 1953 ,

432 1954 492 1991 vel
507 1954 680 1994 interesse
695 1958 881 1996 habentes
894 1985 906 2003 ‚
922 1959 982 1997 seu
998 1961 1136 1998 habere
1153 1958 1446 2009 praetendentes,
1465 1958 1540 1999 illis
1553 1972 1629 1999 non
1642 1971 1738 2000 con-

432 2005 614 2045 senserint
631 2034 642 2051 ‚
656 2016 720 2045 aut
735 2008 782 2046 ad
800 2021 843 2046 ea
861 2011 1015 2056 vocati,
1037 2012 1074 2050 ὃς
1089 2011 1237 2054 auditi,
1263 2012 1301 2049 ἃ
1319 2009 1455 2053 causae‚
1480 2020 1635 2060 propter
1648 2023 1739 2061 quas

433 2056 575 2094 eaedem
602 2058 801 2106 praesentes
824 2059 1091 2110 emanaverint
1110 2090 1121 2107 ‚
1155 2063 1194 2099 in
1224 2062 1459 2101 Confistorio
1485 2061 1647 2109 Nostro,
1675 2063 1738 2100 vel

434 2107 552 2152 alibi,
574 2110 723 2148 vocatis
738 2111 921 2150 vocandis
935 2139 946 2157 ‚
962 2113 998 2151 St
1013 2113 1160 2162 praeviis
1174 2112 1317 2152 debitis
1338 2113 1562 2153 tractatibus
1577 2141 1588 2159 ‚
1604 2125 1647 2152 ac
1664 2113 1740 2151 ser-

431 2158 560 2202 vatis,
586 2160 822 2200 &adhibitis
846 2163 1179 2215 solemnitatibus,
1206 2165 1245 2203 &
1263 2163 1352 2204 aliis
1377 2165 1424 2204 de
1436 2167 1541 2211 jure,
1570 2165 1740 2204 velcon-

433 2210 632 2250 suetudine
646 2238 657 2255 ,
688 2214 749 2250 vel
761 2214 865 2258 juxta
881 2214 1182 2257 Constitutiones
1197 2245 1207 2263 ,
1233 2218 1271 2257 Sc
1287 2217 1565 2257 Ordinationes
1578 2216 1742 2265 Aposto-

435 2261 527 2300 licas
542 2288 553 2306 ‚
582 2271 647 2300 aut
665 2263 836 2302 Ecclesiae
864 2266 1043 2314 praeditstae
1062 2269 1200 2307 statuta
1218 2296 1229 2313 ‚
1254 2269 1456 2320 privilegia
1471 2294 1481 2311 ,
1506 2267 1705 2307 &indulta
1728 2294 1740 2313 ,

437 2313 558 2351 etiam
574 2313 869 2355 confirmatione
891 2318 1114 2368 Apostolica
1129 2347 1144 2366 ,
1166 2321 1228 2359 vel
1239 2321 1313 2359 alia
1329 2320 1459 2370 quavis
1473 2318 1658 2406 firmitatbe
1674 2331 1738 2356 ro-

1651 2381 1737 2407 ora-
