2043 2958
631 229 692 259 An
713 209 1003 261 Concanum
1023 209 1282 261 ROMANUM
1303 247 1313 259 .
1534 233 1552 261 1
1567 231 1632 275 39

420 284 513 324 Non
526 282 764 323 obstantibus
777 310 789 329 ‚
811 290 997 332 quatenus
1010 293 1105 331 opus
1116 283 1161 321 fit
1174 308 1187 328 ,
1211 282 1361 322 Nostris
1373 309 1386 329 ,
1411 282 1450 323 &
1463 283 1631 324 Cancel-

316 337 422 378 lariae
433 336 664 386 Apostolicae
679 335 834 385 Regulis
849 333 1147 384 quibuscumque
1159 362 1172 381 ,
1198 335 1357 385 aliisque
1371 335 1603 385 Apostolicis
1617 367 1629 384 ‚

316 390 440 430 etiam
464 389 504 428 in
520 387 836 433 Universalibus,
865 385 1271 437 provincialibusque,
1297 386 1336 425 δε
1366 387 1629 437 Synodalibus

315 441 509 483 Conciliis
527 441 577 479 ad
589 440 763 478 favorem
779 449 1108 489 quarumcumque
1119 439 1370 488 personarum
1384 441 1498 479 editis
1511 453 1630 491 gene·-

313 495 457 532 ralibus
469 521 481 539 ‚
504 492 567 532 vel
582 491 806 542 specialibus
825 491 1206 546 Constitutionibus*²
1222 492 1260 531 &
1273 492 1596 534 ordinationibus
1612 510 1628 537 ,ς

311 557 463 584 necnon
481 545 705 594 quorumvis
720 544 917 584 Ordinum
931 570 944 589 ,
957 543 1321 594 congregauonum
1332 570 1346 590 ‚
1360 545 1599 585 Societaturn
1615 574 1627 591 ,

309 608 355 636 ac
370 597 642 637 Institutorum
655 623 669 642 ,
696 596 830 638 aliisve
848 596 1056 645 quibusvis,
1072 596 1192 634 etiam
1206 599 1428 642 juramento
1441 625 1453 643 ‚
1484 599 1627 636 confir—

304 650 484 689 matione
494 649 717 699 Apostolica
731 676 743 695 ,
768 649 829 687 vel
843 648 980 698 quavis
995 646 1182 687 firmitate
1194 649 1270 686 alia
1286 650 1478 688 roboratis
1492 651 1626 690 Statu-

303 700 355 740 tis
368 729 381 747 ,
411 702 449 742 &
476 700 818 740 consuetudinibus
836 700 959 739 etiarn
974 700 1351 739 immemorabilibus
1368 713 1377 739 :
1404 701 1628 754 Privilegiis

306 764 457 803 quoque
472 779 485 798 ‚
509 752 704 796 Indultis,
734 753 772 791 ὅ(
795 750 938 790 Literis
963 752 1198 801 Apostolicis
1224 753 1368 791 eisdem
1383 753 1625 799 Ordinibus,

306 803 686 855 congregationibus
699 830 712 849 ‚
725 803 996 847 Socim-atibus,
1009 804 1048 841 ὃς
1060 802 1261 849 Institutis,
1277 803 1315 841 &
1329 804 1522 854 quibusvis
1538 806 1626 844 aliis

306 856 374 894 sub
398 856 695 906 quibuscumque
718 854 931 892 verborum
956 854 1180 899 tenoribus,
1210 856 1250 893 δε
1276 855 1438 901 formis,
1464 867 1508 893 ac
1531 869 1622 895 cum

301 906 494 957 quibusvis
510 906 634 945 etiam
653 903 993 954 derogatoriarum
1006 903 1263 957 derogatoriis
1276 933 1288 952 ,
1316 907 1472 957 aliisque
1490 907 1623 947 effica-

300 958 460 997 ciffimis
476 985 487 1003 ,
508 957 722 997 &insolitis
738 956 915 995 clausulis
932 982 944 1000 ‚
967 956 1233 1002 irritantibus,
1255 959 1294 998 &
1319 960 1402 997 aliis
1425 959 1590 999 decretis
1608 988 1621 1005 ‚

303 1011 370 1048 vel
385 1010 476 1047 alias
492 1009 785 1056 quomodolibet
808 1008 848 1044 in
860 1007 1103 1045 contrarium
1117 1009 1390 1057 praemifforurn
1409 1011 1591 1049 conceffis
1607 1038 1619 1055 ‚

304 1060 561 1105 confirmatis,
578 1059 616 1097 &2
631 1057 840 1097 innovatis.
858 1057 1009 1106 Qibus
1021 1060 1217 1105 omnibus,
1230 1061 1269 1099 &
1285 1062 1455 1111 singulis,
1469 1062 1620 1102 etiamsi

302 1125 374 1162 pro
390 1113 545 1150 illorum
559 1109 763 1149 sufficienti
780 1108 1035 1159 derogatione
1051 1111 1097 1148 de
1111 1112 1186 1150 illis
1198 1137 1210 1156 ,
1225 1123 1435 1161 eorumque
1449 1114 1541 1152 totis
1559 1123 1620 1153 te-

302 1165 460 1201 noribus
477 1163 646 1211 specialis
663 1188 675 1206 ,
704 1160 878 1210 specifica
894 1188 906 1205 ‚
922 1161 1175 1201 &individua
1187 1188 1199 1207 ‚
1216 1174 1262 1200 ac
1276 1164 1322 1201 de
1337 1165 1457 1201 verbo
1470 1165 1518 1203 ad
1531 1177 1619 1204 ver·-

300 1214 393 1252 bum
410 1241 421 1259 ‚
449 1226 527 1251 non
545 1220 679 1250 autem
705 1224 770 1260 per
785 1211 968 1250 clausulas
980 1213 1182 1261 generales
1205 1213 1310 1252 idem
1333 1214 1587 1263 importantes
1603 1243 1616 1261 ‚

300 1266 450 1303 mentio
465 1293 477 1310 ,
506 1265 566 1302 seu
582 1263 722 1312 quaevis
748 1263 823 1300 alia
850 1263 1034 1312 expreflio
1059 1263 1262 1310 habenda,
1286 1274 1352 1303 aut
1368 1267 1495 1316 aliqua
1510 1268 1618 1305 alia...-

299 1317 485 1365 exquifita
498 1316 626 1353 forma
643 1315 691 1352 ad
704 1316 777 1353 hoc
793 1313 981 1353 servanda
994 1314 1095 1354 foret
1111 1343 1123 1361 ,
1147 1324 1300 1355 tenores
1313 1317 1528 1363 hujusmodi
1542 1345 1554 1363 ‚
1570 1330 1615 1357 ac

297 1369 325 1406 fi
338 1369 385 1406 de
399 1369 515 1406 verbo
532 1367 579 1406 ad
594 1367 756 1405 verbum
771 1364 1030 1405 insererentur
1042 1393 1053 1411 ‚
1078 1368 1322 1416 praesentibus
1336 1380 1405 1418 pro
1418 1371 1530 1418 plene
1542 1397 1554 1415 ,
1576 1371 1615 1409 δε

297 1419 530 1459 sufficienter
546 1418 721 1468 expreffis
733 1446 745 1464 ,
760 1419 799 1458 &
812 1417 962 1456 insertis
974 1419 1163 1457 habentes
1178 1445 1190 1463 ,
1215 1419 1292 1458 illis
1306 1419 1402 1459 alias
1418 1420 1459 1460 in
1472 1422 1536 1458 suo
1550 1434 1615 1459 ro-

298 1472 391 1510 bore
405 1470 659 1521 permansuris
673 1497 684 1515 ,
715 1470 762 1508 ad
790 1468 1064 1519 praemifforum
1083 1468 1262 1509 effectum
1287 1474 1360 1510 hac
1386 1471 1474 1512 vice
1500 1471 1614 1511 dum·-

297 1531 403 1562 taxat
419 1523 634 1573 specialiter
645 1549 658 1568 ,
672 1521 709 1560 ἃ
724 1521 896 1572 expresse
911 1521 1142 1572 derogamus
1155 1548 1168 1568 ‚
1183 1524 1393 1575 ceterisque
1406 1524 1611 1565 contrariis

297 1576 597 1625 quibuscumque
611 1603 621 1612 .

399 1628 454 1666 Ut
477 1636 607 1665 autem
624 1625 821 1675 praesentes
838 1625 975 1664 Literae
1000 1624 1049 1664 ad
1063 1626 1243 1666 omnium
1262 1627 1445 1669 notitiam
1460 1629 1611 1669 facilius

294 1677 506 1718 deveniant
529 1706 541 1724 ‚
569 1680 607 1719 ὃς
633 1690 751 1716 nemo
779 1678 935 1716 illarum
964 1678 1227 1727 ignorantiam
1257 1681 1426 1731 allegare
1455 1683 1584 1721 valeat
1597 1710 1610 1729 ‚

294 1730 474 1769 volumus
498 1729 585 1769 illas
599 1758 609 1774 ,
634 1731 694 1767 sen
714 1741 847 1768 earum
861 1731 1036 1779 exempla
1057 1730 1105 1767 ad
1119 1732 1251 1770 valvas
1267 1733 1441 1771 Ecclefiae
1452 1735 1611 1773 Latera-

294 1783 417 1820 nensis
430 1809 441 1826 ‚
460 1783 498 1821 &
516 1780 680 1820 Bafilicae
694 1781 881 1830 Principis
897 1782 1173 1830 Apostolorum
1189 1811 1200 1828 ‚
1230 1796 1381 1823 necnon
1396 1785 1609 1825 Cancella-

289 1832 353 1870 riae
367 1832 597 1881 Apostolicae
614 1859 626 1877 ,
651 1831 851 1879 Curiaeque
868 1831 1072 1871 Generalis
1097 1832 1133 1871 in
1153 1835 1292 1872 Monte
1308 1836 1508 1876 Citatorio
1522 1864 1533 1882 ‚
1560 1849 1606 1876 ac

289 1881 330 1922 in
349 1884 431 1923 acie
445 1883 584 1933 Campi
601 1885 721 1923 Florae
739 1883 786 1922 de
802 1883 934 1929 Urbe,
960 1892 1002 1922 ut
1029 1887 1150 1923 moris
1169 1887 1220 1925 est
1233 1913 1245 1932 ,
1274 1886 1404 1940 affigi,
1433 1890 1470 1928 ὃς
1483 1889 1606 1938 publi-

289 1937 397 1982 cari,
424 1937 550 1986 sicque
580 1936 791 1985 publicatas
806 1963 817 1981 ,
848 1936 886 1975 &
908 1934 1039 1975 affixas
1065 1949 1202 1977 omnes
1217 1965 1229 1984 ,
1253 1938 1604 1990 &fingulos‚quos

290 1988 362 2025 111ae
376 1996 640 2032 concernunt,
665 1987 819 2037 perinde
835 1989 984 2025 aretare
1000 2015 1012 2033 ‚
1037 1987 1075 2025 ἃ
1094 1987 1247 2028 afficere
1263 2017 1275 2035 ‚
1301 2003 1346 2030 ac
1359 1993 1384 2030 fi
1402 1992 1603 2041 unicuique

290 2052 425 2078 eorum
445 2041 676 2078 nominatim
691 2067 702 2084 ‚
732 2041 770 2078 ὃς
786 2039 1038 2088 personaliter
1050 2040 1240 2080 intimatae
1250 2041 1400 2082 fuissent
1418 2056 1427 2082 ε
1456 2053 1602 2093 utque.)

290 2092 515 2130 earumdem
532 2091 768 2141 praesentium
784 2091 1000 2131 Litcrarum
1015 2092 1262 2144 transumptis
1278 2121 1290 2140 ,
1316 2095 1377 2134 seu
1389 2097 1572 2146 exemplis
1588 2123 1601 2141 ,

290 2144 411 2182 etiam
427 2142 611 2193 impreffis
626 2171 636 2189 ‚
659 2155 776 2183 manu
790 2144 947 2190 alicujus
967 2144 1118 2184 Notarii
1134 2145 1279 2196 publici
1302 2146 1539 2198 subscriptis,
1562 2149 1601 2188 &

290 2196 416 2245 figillo
440 2195 608 2234 Personae
635 2199 673 2233 in
704 2195 964 2235 Ecclefiastica
988 2197 1182 2248 dignitate
1203 2199 1414 2239 constitutae
1441 2199 1600 2238 munitis

292 2248 427 2287 eadem
445 2248 582 2299 ubique
594 2247 689 2287 fides
704 2248 745 2286 in
758 2247 959 2295 judicio,&
975 2250 1082 2289 extra
1099 2250 1339 2299 adhibeatur,
1350 2264 1429 2303 quae
1442 2251 1601 2300 praesen-

295 2301 398 2342 tibus
411 2301 658 2340 adhiberetur
672 2328 684 2346 ,
699 2302 727 2340 fi
741 2301 868 2340 forent
885 2301 1065 2341 exhibitae
1076 2330 1088 2348 ‚
1112 2304 1175 2341 vel
1190 2303 1342 2342 ostensae
1357 2333 1367 2343 .

394 2353 503 2393 Nulli
518 2366 610 2405 ergo
619 2354 784 2395 omnino
793 2354 995 2401 hominum
1007 2355 1123 2446 liegat
1136 2357 1236 2396 hanc
1250 2360 1430 2407 paginam
1440 2355 1600 2395 Nostra-

1119 2420 1138 2445 2
1509 2419 1595 2446 rum

1659 309 1838 349 Derogatio
1856 320 1935 341 con-

1658 352 1824 382 trariorum
1841 374 1850 384 .

1638 1658 1731 1689 Fides
1759 1658 1916 1691 transum-

1637 1702 1699 1742 ptis
1713 1701 1880 1733 habenda.
1914 1738 1917 1741 ¹

1627 2329 1797 2362 Decretum
1836 2342 1903 2372 poe-

1625 2372 1699 2404 nale
1712 2393 1723 2403 .
