2043 2958
457 271 555 314 290
921 251 1300 300 Appennxx‘

148 344 161 373 1
168 352 186 372 n
197 341 290 383 Taxg
301 341 421 382 supple·
452 336 539 362 rum
567 322 821 371 praecedentei·
836 322 1034 372 applicatis
1057 321 1182 373 (quas
1198 321 1355 373 quidem
1383 330 1466 361 tum
1480 322 1762 366 Beneficiorum

144 385 424 420 mentumsseneff
453 375 615 414 uniones
628 401 640 419 ‚
666 383 749 412 turn
767 374 1046 424 applicationes
1061 374 1254 414 fruetuum
1269 386 1474 424 parvorum
1487 376 1762 417 Conventuum

147 426 269 474 cj0fflm
286 426 364 457 ⁰⁰30
378 427 420 458 fa·
452 427 584 465 firmas
601 424 672 464 effe
687 427 894 471 volumus)
913 439 977 476 per
993 426 1208 473 hujusmodi
1234 435 1356 466 etiam
1369 426 1538 472 Taxam‚
1552 429 1763 475 erectioni,

143 469 258 499 “enda
272 471 422 502 concedi·
453 481 491 519 &
508 478 773 517 sustentationi
798 479 1002 518 Seminarii
1015 507 1027 525 ‚
1055 479 1104 518 ad
1129 478 1393 519 neceffitatem
1419 478 1605 518 nimirum
1638 481 1768 519 uniuss

141 518 193 541 ω’
209 531 218 541 ’
452 531 625 579 cujusque
639 531 824 569 Dioecefis
836 559 847 576 ‚
868 531 906 570 δε
926 532 1194 570 Alumnornm
1209 559 1220 576 ‚
1243 543 1322 569 non
1344 539 1472 569 autern
1489 530 1536 568 ad
1555 543 1737 581 pompam
1750 560 1764 579 ,

451 583 484 620 S<
510 583 753 632 voluptatem
769 610 780 628 ‚
797 581 1024 622 sufficienter
1043 583 1236 633 provideri
1251 584 1468 632 nequiverit
1485 597 1500 622 2·
1531 592 1622 622 tunc
1636 610 1648 628 ,
1665 583 1703 622 ὃς
1717 596 1765 621 eo

451 635 537 673 casu
554 663 563 676 .‚
589 634 685 673 acin
704 635 905 673 subsidium
922 638 1076 674 tantuin
1091 662 1103 680 ,
1127 632 1331 674 Ordinarii
1345 635 1536 673 Locorum
1552 635 1680 672 eidem
1700 635 1768 672 Se-

449 685 617 724 minario
633 689 740 724 unire
756 714 766 731 ‚
781 687 818 725 ἃ
830 688 1023 736 applicare
1042 685 1178 736 poffint
1192 714 1204 731 ,
1227 698 1269 724 ac
1286 686 1452 724 debeant
1467 685 1662 724 Beneficia
1676 686 1767 724 sim-

449 739 564 787 plicia
594 737 860 788 cujuscumque
893 736 1094 787 qualitatis
1108 765 1120 783 ‚
1145 739 1183 777 &c
1212 737 1419 788 dignitatis
1445 738 1589 776 fuerint
1608 765 1618 781 ,
1648 738 1770 776 etiam

448 790 782 839 jurispatronatus
801 790 1050 829 Ecclesiastici
1066 819 1079 836 ‚
1095 791 1156 829 vel
1171 789 1538 839 quomodocumque
1557 788 1706 835 affecta,
1727 788 1766 826 Sc

450 842 686 890 dispositioni
701 842 806 880 Sedis
820 843 1052 891 Apostolicae
1065 842 1258 882 reservata
1275 869 1286 887 ‚
1309 842 1387 880 sine
1402 845 1534 880 ta'men
1551 841 1630 883 ullo
1645 840 1768 879 divini

450 895 577 932 cultus
593 921 604 938 ,
634 906 679 932 ae
696 894 760 930 illa
777 895 1040 932 obtinentium
1056 894 1271 941 praejudicio
1286 921 1294 929 .
1325 893 1416 930 Haec
1446 893 1560 940 porro
1575 892 1666 931 unio
1695 891 1767 932 fiat

450 946 581 982 statim
599 973 610 990 ‚
629 944 665 982 5<
681 953 772 982 ante
784 945 1011 983 eorumdem
1026 943 1306 982 Beneficiorum
1323 943 1572 982 vacationem
1589 956 1597 981 :
1627 955 1768 993 nempe

452 997 636 1034 uniantur
656 995 844 1034 Beneficia
869 998 994 1043 primo
1011 996 1098 1032 loco
1113 1004 1296 1032 vacatura
1327 995 1439 1043 iisque
1469 995 1518 1032 ad
1533 1003 1680 1032 certam
1696 1006 1770 1032 an·

452 1049 516 1084 nui
535 1047 707 1084 redditus
722 1046 996 1094 quantitatem,
1012 1046 1050 1082 in
1066 1044 1138 1094 ipsa
1151 1046 1295 1082 unione
1312 1043 1607 1092 specificandam
1627 1073 1638 1090 ‚
1665 1058 1745 1094 quae
1760 1073 1772 1091 ‚

453 1107 676 1148 computata
702 1097 813 1136 Taxa
836 1095 1080 1135 iniufficienti
1108 1124 1120 1142 ,
1164 1094 1253 1134 satis
1276 1095 1348 1134 effe
1370 1095 1479 1145 poffit
1508 1096 1770 1136 sustentationi

453 1152 549 1188 certi
566 1150 716 1188 numeri
730 1149 999 1188 Alumnorum
1026 1161 1094 1198 pro
1117 1160 1346 1197 unoquoque
1359 1148 1580 1186 Seminario
1596 1148 1773 1198 designa-

453 1209 583 1240 torum
599 1218 614 1244 ,·
641 1201 790 1250 ipsaque
805 1203 897 1240 unio
911 1229 922 1246 ‚
946 1201 1072 1239 statim
1098 1212 1143 1239 ac
1156 1198 1348 1239 Beneficia
1364 1199 1540 1249 praedifta
1557 1200 1776 1250 quomodo-

454 1266 617 1304 cumque
635 1253 857 1293 vacaverint
873 1281 886 1299 ,
913 1252 1087 1292 debitum
1102 1280 1115 1298 ‚
1130 1261 1244 1301 atque
1258 1252 1453 1300 integrum
1467 1252 1647 1290 sortiatur
1672 1252 1767 1290 effe-

455 1308 560 1344 <stum
575 1334 587 1352 ,
617 1306 680 1344 fel.
699 1316 774 1343 rec.
803 1305 1021 1344 Clementis
1048 1302 1150 1343 Vm.
1166 1332 1178 1349 ,
1207 1315 1251 1341 ac
1284 1303 1433 1342 Urbani
1464 1305 1607 1352 pariter
1633 1302 1739 1343 VllI.
1756 1330 1768 1349 ,

452 1370 602 1397 necnon
617 1355 783 1396 aliorum
799 1367 1128 1405 quorumcumque
1142 1355 1406 1393 Romanorum
1423 1354 1771 1400 Pontificum‚Prae-

452 1410 688 1448 decefforum
705 1408 947 1453 Nostrorum,
961 1404 1331 1451 constitutionibus,
1344 1406 1406 1445 vel
1421 1405 1656 1452 Decretis‚in
1672 1418 1770 1444 con-

451 1462 614 1499 trarium
631 1459 961 1505 facientibus,non
977 1457 1217 1496 obstantibus
1232 1486 1241 1495 .

557 1513 745 1550 Ceterum
758 1512 1038 1550 confiderantes
1056 1509 1293 1549 Monasteria
1307 1538 1318 1556 ,
1333 1509 1533 1548 Prioratus
1551 1538 1561 1554 ‚
1590 1508 1628 1547 &
1645 1510 1768 1549 Bene-

146 1579 304 1610 Beneficia
340 1589 423 1619 quae-
452 1563 541 1603 ficia
555 1564 844 1616 Consistorialia
861 1592 873 1609 ,
902 1575 1053 1602 necnon
1081 1563 1207 1611 aliqua
1229 1563 1304 1600 alia
1333 1560 1681 1611 indispensabiliter
1699 1573 1769 1598 ne·

148 1632 224 1651 nam
261 1623 300 1652 ab
328 1621 426 1660 ipsam
454 1615 609 1656 cellaria
635 1614 706 1654 esl'e
728 1642 739 1660 ,
761 1627 807 1652 ac
831 1614 913 1654 fore
936 1627 1006 1664 pro
1019 1625 1188 1664 congrua
1204 1613 1476 1652 sustentatione
1505 1614 1540 1651 S.
1559 1614 1601 1650 R.
1617 1613 1655 1651 E.
1674 1614 1768 1653 Car-

146 1664 268 1712 unione
308 1664 421 1693 immo·
454 1667 659 1711 dinalium,
676 1665 712 1703 ὃ(
731 1666 1014 1710 Ministrorum,
1030 1665 1209 1702 Romano
1228 1663 1426 1709 Pontifici,
1442 1665 1481 1703 δε
1496 1665 1584 1702 Sedi
1600 1666 1767 1714 Aposto-

144 1703 425 1737 ¹¹¹⁸¹esew³¹¹²⁰¹3
453 1718 535 1758 licae
552 1718 754 1756 actualiter
768 1717 1059 1757 inservientium
1076 1743 1086 1761 ‚
1104 1716 1281 1754 volumus
1297 1743 1308 1760 ‚
1324 1716 1361 1754 δέ
1375 1716 1616 1754 declaramus
1632 1744 1643 1760 ‚
1657 1716 1763 1766 quod

452 1770 632 1811 Abbatiae
646 1797 656 1814 ,
671 1769 866 1807 Prioratus
879 1795 891 1813 ,
905 1768 944 1806 Sc
959 1767 1193 1805 Monasteria
1209 1767 1493 1805 Consistorialia
1511 1794 1520 1811 ,
1539 1768 1600 1806 seu
1615 1767 1767 1806 Benefi-

454 1822 513 1861 cia
529 1849 539 1867 ‚
555 1822 690 1869 quovis
706 1819 825 1858 modo
839 1817 1065 1869 Apostolica
1080 1817 1315 1856 authoritate
1332 1818 1608 1857 commendata
1623 1847 1634 1864 ‚
1662 1820 1700 1858 &
1716 1820 1765 1858 ad

453 1874 612 1922 praesens
634 1873 797 1910 obtenta
811 1900 821 1916 ,
852 1883 896 1910 ac
936 1870 973 1908 in
1007 1871 1182 1908 futurum
1205 1871 1415 1909 obtinenda
1455 1883 1520 1920 pei·
1546 1870 1764 1910 antedietos

454 1926 490 1964 S.
506 1925 549 1963 R.
567 1926 607 1963 E.
625 1923 853 1964 Cardinales
871 1951 882 1969 ,
900 1923 961 1962 seu
977 1934 1090 1962 veros
1109 1950 1120 1968 ,
1148 1922 1186 1961 a&
1202 1923 1375 1973 proprios
1392 1923 1496 1972 Papae
1512 1922 1734 1961 Familiares
1752 1950 1763 1968 ,

454 1977 629 2016 Nuncios
646 1975 890 2026 Apostolicos
906 2003 916 2020 ‚
942 1974 981 2012 &
1006 1975 1188 2013 Praelatos
1213 1975 1575 2026 Congregationum
1593 2003 1602 2020 ,
1630 1976 1764 2024 quibus

457 2028 574 2066 iidem
598 2030 633 2067 S.
649 2029 692 2066 R.
710 2027 751 2065 E.
778 2027 1008 2066 Cardinales
1034 2026 1218 2066 intersunt
1236 2054 1248 2072 ,
1274 2028 1511 2065 Secretarios
1539 2028 1738 2066 dumtaxat
1754 2054 1765 2072 ‚

457 2080 685 2119 memoratis
698 2080 918 2118 Seminariis
936 2078 1060 2124 uniri,
1075 2081 1113 2118 &
1125 2080 1307 2128 applicari
1324 2091 1532 2129 numquam
1548 2079 1682 2128 poffint
1698 2107 1710 2124 ‚
1727 2079 1765 2117 &t

456 2133 620 2170 uniones
637 2159 647 2176 ‚
663 2142 755 2181 quas
771 2130 896 2170 forsan
911 2129 993 2168 fieri
1009 2131 1218 2180 contigerit
1232 2159 1244 2176 ‚
1262 2132 1372 2170 nullae
1388 2159 1399 2175 ‚
1424 2144 1466 2170 ac
1479 2132 1594 2170 irritae
1610 2131 1762 2181 prorsus

458 2184 548 2228 sint,
563 2181 674 2221 firma
691 2182 728 2219 in
744 2182 897 2231 reliquis
910 2191 1134 2222 remanente
1147 2183 1341 2229 libertate,
1361 2183 1593 2224 &facultate
1608 2182 1767 2222 uniendi

459 2241 474 2281 (
495 2236 643 2273 servata
660 2244 789 2273 tamen
806 2234 928 2273 forma
945 2236 1109 2285 superius
1129 2236 1290 2284 expressa
1307 2263 1318 2281 ‚
1337 2236 1374 2275 ὃς
1390 2248 1466 2274 non
1481 2235 1620 2279 aliter)
1638 2244 1767 2272 cetera

460 2287 593 2326 omnia
605 2284 793 2326 Beneficia
807 2315 817 2331 ‚
842 2288 960 2325 etiam
976 2314 988 2333 ‚
1016 2295 1057 2326 ut
1074 2289 1268 2337 praefertur
1281 2314 1292 2332 ‚
1309 2285 1444 2326 affedta
1458 2316 1470 2333 ‚
1496 2288 1533 2327 δε
1549 2287 1740 2324 reservata
1755 2315 1767 2330 ‚

462 2339 632 2378 velalias
653 2339 701 2376 ad
726 2339 1010 2387 provisionem,
1037 2351 1081 2378 ac
1108 2339 1390 2389 dispositionem
1413 2339 1520 2379 Sedis
1535 2338 1766 2389 Apostolicae

463 2388 757 2443 quomodolibet
772 2390 1012 2442 pertinentia
1027 2418 1038 2429 .
1662 2441 1716 2481 C*

1703 2452 1768 2480 um
