2043 2958
36 1938 144 2003 4250:
155 1931 291 1980 ”adniti
303 1899 343 1979 ῖς
353 1937 407 1978 87·

111 1982 233 2069 sar
246 2012 349 2052 eu,

458 200 519 258 38
805 197 1111 248 CONGILM
1155 197 1419 248 ROMAul

455 284 593 317 tenus
612 286 675 317 ex
694 287 768 327 eo,
782 270 915 336 quod
933 269 1032 318 illis
1054 268 1280 318 utilitatis
1299 267 1576 327 obvenerit,
1593 267 1758 319 Eccle-

455 338 529 388 fiis
546 339 899 408 circumpofitis
918 377 934 399 ,
967 343 1016 391 ὃς
1031 340 1132 390 Dei
1153 338 1443 406 pauperibus
1466 376 1481 398 ,
1502 341 1717 407 aliquam
1734 348 1755 400 ,¹

457 414 509 458 in
528 411 724 460 alterius
752 411 909 460 veluti
933 411 1093 461 cultus
1115 411 1398 479 repensum,
1434 409 1614 460 faciant
1645 431 1758 481 por-

457 496 641 532 tionem
663 519 673 530 .

584 669 647 731 T
708 671 740 731 I
809 674 873 734 T
931 674 1000 743 U
1061 677 1110 738 L
1173 673 1242 743 U
1305 672 1344 736 S
1437 668 1629 735 XII.

682 790 782 854 De
806 790 931 855 fide
951 793 1547 859 Instrumentorum.
1626 874 1629 878 ι

948 930 996 981 C
1033 931 1085 979 A
1121 931 1174 980 P.
1248 930 1286 979 Ι.

454 1022 670 1069 Bonorum
700 1023 1085 1087 ecclesiasticorum
1112 1024 1383 1073 Inventaria
1402 1060 1418 1080 ,
1453 1025 1575 1088 infra
1608 1036 1767 1070 annum

562 1091 822 1158 conficienda
856 1093 1119 1141 mandantur
1135 1128 1152 1150 ,
1184 1110 1210 1141 a
1229 1093 1393 1159 fitm-mo
1414 1093 1625 1161 Pontiflce
1644 1125 1662 1149 ,

681 1164 736 1211 Φ·
751 1163 805 1210 ab
822 1163 1044 1228 Epzfiopis
1070 1161 1318 1229 respefh‘ve
1336 1181 1537 1231 recogno-

805 1232 965 1297 scenda
981 1267 997 1291 ,
1033 1233 1088 1280 (Υ
1112 1231 1411 1300 approbanda.

601 1324 898 1376 Celefiastica
916 1327 1062 1386 bona,
1082 1346 1188 1396 quae
1207 1325 1315 1376 sane
1335 1325 1521 1376 Christi
1537 1361 1552 1383 ‚
1569 1323 1763 1392 ejusque

632 1395 976 1447 Ministrorum
995 1435 1012 1456 ,
1048 1401 1098 1449 &
1127 1416 1395 1466 pauperum
1430 1400 1764 1464 patrimonia...

633 1466 762 1526 sunt,
777 1484 829 1516 ut
845 1467 1087 1537 sacrilegis
1108 1469 1166 1518 ab
1186 1468 1521 1536 usurpatorum
1537 1468 1763 1516 manibus

454 1538 769 1587 vindicentur
788 1574 804 1595 ,
820 1541 868 1589 ὃ(
886 1544 1123 1606 primaevo
1138 1538 1219 1588 suo
1234 1575 1250 1597 ‚
1268 1559 1320 1587 ac
1339 1539 1565 1605 legitimo
1575 1539 1672 1598 juri
1691 1556 1765 1586 re-

454 1609 729 1665 stituantur,
746 1613 798 1657 in
814 1628 967 1676 eoque
986 1645 1002 1666 ,
1020 1624 1164 1676 prout
1183 1612 1415 1656 convenit
1434 1642 1450 1663 ‚
1472 1606 1762 1655 conserven-

454 1691 533 1726 tur
549 1714 565 1735 ,
583 1678 800 1727 officium
819 1715 836 1736 ,
853 1681 901 1730 &
919 1680 1256 1730 au&oritatem
1273 1677 1480 1727 nostram
1500 1712 1516 1734 ,
1535 1680 1658 1726 inter
1663 1675 1769 1743 pel-4

455 1748 559 1797 lant
592 1784 603 1796 .
660 1750 828 1816 Itaque
849 1786 864 1807 ,
902 1748 1034 1799 sacro
1062 1754 1210 1800 etiam
1243 1747 1542 1817 approbante
1578 1747 1765 1796 Conci-

456 1817 526 1866 lio
545 1854 561 1876 ,
598 1820 648 1869 &
681 1818 850 1868 Motui
876 1825 1079 1889 proprio
1111 1820 1213 1869 Nos
1248 1819 1540 1867 inhaerentes
1569 1815 1647 1865 fel.
1669 1835 1764 1865 rec.

458 1889 589 1938 Sixti
618 1890 681 1939 V.
703 1898 718 1914 ²
752 1889 876 1939 infra
920 1910 1033 1940 curn
1070 1889 1175 1939 aliis
1213 1887 1545 1955 subjungendo
1562 1923 1577 1944 ,
1613 1886 1765 1954 Capi-

458 1960 559 2009 tula
587 1979 910 2027 quaecumque
930 1996 945 2016 ,
982 1964 1031 2010 ὃ(
1063 1960 1293 2026 Collegia
1310 1994 1325 2015 ‚
1357 1974 1501 2024 atque
1535 1957 1765 2006 Ecclefia-

459 2049 570 2080 rum
589 2066 606 2088 ,
639 2032 688 2079 &
706 2029 1057 2080 beneficiorum
1071 2066 1086 2087 ,
1117 2032 1266 2079 etiam
1285 2027 1580 2094 fimplicium
1593 2063 1609 2084 ,
1639 2030 1688 2077 &
1705 2027 1764 2075 de

455 2108 563 2164 jure
597 2115 909 2168 patronam,
942 2100 1173 2150 Re&0res
1195 2135 1210 2156 ,
1239 2096 1504 2166 omnesque
1536 2096 1765 2163 Hospita-

459 2172 584 2221 lium
604 2207 618 2229 ‚
639 2172 1128 2229 Confraternitatum,
1144 2171 1615 2239 Congregationum,
1635 2182 1765 2216 cete-

460 2262 722 2311 rorumque
743 2244 963 2294 locorum
981 2248 1174 2313 piorum
1188 2280 1204 2302 ,
1232 2237 1603 2310 quomodolibet
1620 2241 1768 2287 etiam

460 2330 804 2385 exemptorum
825 2352 840 2373 ,
861 2316 1291 2367 Administratores
1313 2314 1609 2380 requirimus
1630 2329 1644 2368 ;
1680 2307 1769 2356 eis-

1655 2397 1768 2446 que,
