2043 2958
611 260 670 288 AD
690 242 972 292 Concumm
993 241 1248 292 Romnum
1269 281 1279 292 .
1499 260 1522 294 2
1537 261 1598 307 19

291 305 431 345 Altare
442 334 453 353 ,
467 308 593 357 ibique
611 312 891 351 sacrosanctum
907 311 1026 351 Miffie
1039 312 1267 353 sacrificium
1284 315 1479 355 celebrare
1492 344 1505 363 ‚
1520 319 1598 357 five

291 358 475 397 celebrari
498 360 624 402 facere
640 392 649 402 .
681 365 741 403 Ac
771 365 852 414 pari
876 365 994 403 modo
1020 364 1059 402 in
1086 365 1280 405 Oratoriis
1309 368 1468 416 privatis
1479 395 1493 413 ,
1519 381 1599 419 quae

286 420 354 457 per
367 412 548 452 Sanctam
565 415 703 454 Sedem
723 415 895 455 concefl'a
908 416 1054 454 fuerint
1071 443 1084 460 ,
1111 429 1189 456 non
1215 419 1333 457 licere
1350 419 1598 472 Regularibus

287 461 449 506 cujusvis
476 465 638 506 Ordinis
655 496 666 513 ‚
690 477 754 506 aut
783 467 949 506 Instituti
964 495 977 512 ‚
1002 467 1063 505 seu
1089 469 1420 520 Congregationis
1437 499 1449 516 ‚
1479 472 1598 511 etiam

288 511 491 553 Societatis
523 517 611 567 1esu
626 546 639 565 ‚
669 528 733 558 aut
760 518 876 557 etiam
911 519 1175 568 cujuscumque
1199 520 1361 560 Ordinis
1388 522 1597 571 Militaris,

289 564 409 603 etiam
439 567 475 604 S.
488 569 653 617 joannis
682 570 1034 619 Hierosolymitani
1054 598 1066 616 ,
1094 580 1159 609 aut
1186 572 1270 611 aliis
1301 573 1595 626 quibuscumque

292 616 562 659 Sacerdotibus
576 648 588 668 ,
617 622 766 661 etiamfi
783 621 900 661 effent
920 622 1114 673 Episcopi,
1141 622 1180 661 in
1195 622 1240 661 iis
1254 625 1451 663 celebrare
1464 627 1502 665 in
1518 627 1600 667 die-

289 666 358 706 bus
374 669 565 710 Paschatis
579 699 591 719 ,
605 675 845 713 pentecostes
862 701 873 719 ,
884 671 1117 713 Nativitatis
1137 675 1276 714 Christi
1291 675 1481 723 Domini,
1496 677 1601 719 aliis-

289 731 362 767 que
377 722 467 760 anni
490 722 589 762 festis
611 725 904 765 solemnioribus
919 754 930 772 ‚
962 737 1006 764 ac
1025 725 1158 765 diebus
1181 727 1218 764 in
1235 726 1392 766 Indulto
1409 730 1599 779 exceptis:

287 772 327 807 in
345 772 502 818 reliquis
517 778 611 814 vero
627 777 774 824 diebus,
782 777 966 827 praedicstis
983 777 1234 827 Regularibus
1245 806 1258 824 ‚
1272 780 1311 819 &
1327 779 1599 820 Sacerdotibus

287 822 611 875 quibuscumque,
637 829 755 868 etiam
779 827 996 878 Episcopis‚
1021 828 1062 867 in
1089 828 1252 876 praefatis
1276 830 1470 869 Oratoriis
1494 831 1598 871 cele-

285 873 399 912 brare
412 887 488 913 uon
505 877 623 916 licere
640 905 652 923 ‚
682 879 747 917 ubi
764 881 884 917 etiam
899 879 1013 916 unica
1026 878 1139 917 Milia
1156 906 1167 923 ‚
1181 891 1261 929 quae
1275 879 1314 919 in
1330 879 1486 919 Indulto
1500 892 1598 920 con-

287 923 439 964 ceditur
455 953 466 972 ,
480 927 597 968 fuerit
609 930 803 969 celebrata
815 945 831 972 5
854 930 961 979 super
975 939 1050 978 quo
1066 929 1328 973 celebraturus
1343 940 1522 973 teneatur
1537 933 1598 974 di-

285 975 456 1024 ligenter
479 980 675 1029 inquirere
689 1008 700 1026 ,
730 981 767 1019 &
784 982 832 1020 de
851 993 898 1019 eo
913 980 949 1022 se
962 981 1108 1029 optime
1123 980 1335 1022 informare
1350 999 1365 1025 ,-
1388 992 1501 1033 atque
1527 985 1596 1023 illa

289 1028 411 1065 etiam
437 1029 475 1066 in
502 1032 647 1069 casibus
668 1031 858 1080 praemisfis
880 1031 1242 1080 celebrarinequeat
1266 1037 1346 1083 post
1360 1035 1563 1074 meridiem
1586 1048 1597 1073 :

289 1076 564 1118 demandando
592 1082 753 1122 ulterius
769 1111 781 1128 ‚
803 1083 841 1122 ὃς
857 1080 1089 1119 declarando
1118 1082 1155 1119 in
1177 1085 1357 1123 omnibus
1381 1086 1597 1131 hujusmodi

289 1130 452 1176 casibus,
469 1133 647 1181 personas
663 1134 915 1182 quascumque
931 1132 1053 1171 dic'tas
1071 1130 1205 1173 Miffas
1225 1136 1423 1175 audientes
1437 1164 1449 1181 ‚
1475 1137 1600 1177 nulla-

291 1188 403 1219 tenus
418 1193 604 1233 praecepto
615 1185 784 1224 Ecclefiae
800 1185 1016 1225 satisfacere
1031 1209 1040 1220 .
1072 1183 1165 1238 Qo
1180 1188 1271 1224 vero
1286 1188 1335 1225 ad
1354 1189 1497 1228 Altare
1510 1202 1600 1238 por-

288 1230 426 1276 tatile,
451 1234 592 1272 iterum
608 1237 826 1276 inhaerendo
838 1235 1164 1275 declarationibus
1178 1235 1400 1285 supradictis
1413 1265 1427 1284 ,
1454 1240 1600 1279 censuit

289 1281 468 1322 licentias
485 1312 497 1330 ,
525 1285 583 1325 :seu
601 1286 826 1338 privilegia,
856 1284 1028 1324 conceffa
1039 1287 1235 1324 nonnullis
1248 1287 1501 1337 Regularibus
1530 1291 1600 1329 im,

293 1333 390 1382 Cap.
404 1336 448 1370 In
465 1336 520 1372 his
537 1339 581 1374 de
587 1339 686 1385 priv.
705 1350 770 1388 per
783 1338 931 1387 aliquos
945 1336 1125 1377 Summos
1139 1337 1347 1378 Pontifices
1372 1340 1457 1379 aliis
1474 1340 1600 1393 Regu—

291 1384 435 1424 laribus
451 1390 739 1428 communicata
753 1417 764 1434 ,
785 1388 918 1427 utendi
941 1387 1045 1426 dic‘lo
1057 1387 1191 1428 Altari
1209 1391 1380 1436 portatili
1394 1419 1406 1436 ‚
1423 1390 1464 1429 in
1477 1404 1600 1441 eoque

289 1436 534 1483 celebrandi,
561 1439 696 1489 absque
711 1440 1009 1479 Ordinariorum
1032 1439 1188 1476 licentia
1202 1439 1241 1476 in
1258 1441 1355 1479 locis
1371 1469 1383 1486 ‚
1409 1442 1446 1480 in
1462 1444 1598 1490 quibus

290 1486 437 1538 degunt
451 1516 464 1534 ,
492 1493 655 1528 omnino
669 1499 850 1532 revocata
878 1488 948 1528 effe
966 1502 1029 1538 per
1042 1489 1147 1528 idem
1162 1489 1387 1531 Concilium
1404 1495 1415 1540 (
1431 1494 1600 1535 Triden-

288 1538 435 1584 tinum)
451 1567 463 1585 ‚
478 1549 595 1590 atque
610 1541 757 1584 idcirco
774 1542 931 1585 eosdem
950 1541 1157 1593 Regulares
1170 1541 1444 1589 prohibendos,
1456 1556 1502 1586 ne
1519 1544 1598 1584 illis

289 1598 447 1630 utantur
462 1619 474 1637 ‚
494 1603 538 1632 ac
550 1594 817 1635 mandandum
830 1621 842 1639 ‚
857 1603 968 1643 prout
983 1592 1172 1642 praesentis
1187 1600 1322 1632 tenore
1334 1594 1496 1635 mandat
1509 1597 1600 1646 Epi-

290 1642 411 1692 scopis
426 1670 437 1688 ‚
467 1643 624 1694 aliisque
645 1644 865 1685 Ordinariis
879 1646 1054 1686 locorum
1068 1669 1081 1689 ,
1103 1653 1145 1682 ut
1162 1653 1296 1684 contra
1312 1647 1600 1697 quoscumque,

292 1696 627 1736 contravenientes
640 1698 845 1745 ‚quamvis
861 1696 1066 1745 Regulares
1079 1722 1091 1741 ‚
1111 1695 1340 1745 procedant,
1353 1699 1471 1738 etiam
1495 1708 1600 1738 tam-

290 1757 405 1794 quam
437 1746 543 1786 Sedis
572 1748 803 1797 Apostolicae
829 1748 1020 1796 delegati,
1047 1747 1094 1785 ad
1110 1758 1245 1795 poenas
1272 1749 1502 1799 praescriptas
1535 1764 1599 1801 per

291 1796 395 1836 idem
409 1799 489 1836 Sac.
505 1799 729 1839 Concilium
747 1800 787 1837 in
802 1798 905 1836 didio
919 1798 1159 1846 decretofi’ff.
1177 1811 1236 1836 22.
1252 1809 1326 1847 cap.
1341 1803 1442 1837 um‘co
1455 1829 1467 1846 ‚
1483 1801 1598 1852 usque

293 1847 341 1887 ad
358 1849 534 1888 censuras
550 1850 635 1889 latae
650 1849 844 1888 sententiae
860 1864 875 1890 ,-
897 1851 1038 1889 tributa
1053 1850 1171 1888 etiam
1187 1849 1319 1892 iisdem
1333 1852 1519 1892 facultate
1534 1866 1599 1903 per

294 1901 364 1939 hoc
389 1901 612 1946 decretum,
639 1900 694 1940 ita
721 1901 979 1950 procedendi,
999 1900 1180 1952 perinde,
1205 1913 1250 1940 ac
1276 1903 1301 1940 fi
1315 1915 1380 1952 per
1392 1904 1598 1944 Sannaus,

293 1951 430 1993 Sedem
445 1953 657 2002 specialiter
674 1953 845 1993 concessa
866 1952 1016 1995 fuisset:
1044 1951 1156 1995 &ita
1172 1953 1364 1995 Sanctitas
1377 1955 1450 1996 Sua
1464 1957 1596 1996 decla-

287 2011 371 2051 rat,
397 2006 436 2046 &t
460 2004 602 2047 servari
618 2005 779 2044 mandat
793 2007 865 2048 &c.

1018 2425 1081 2463 Ee
1112 2436 1130 2460 2
1451 2402 1603 2462 CON-
