2043 2958
587 227 648 257 Ao
667 208 947 259 Cominium
972 206 1230 257 RoMANuM
1246 240 1256 252 .
1482 219 1575 262 223

270 306 298 327 ‚,
327 278 592 330 adscriptionis
608 281 879 320 executionem
907 277 1053 318 differri
1076 278 1181 328 posse
1207 290 1272 327 per
1297 274 1452 326 aliquod
1475 284 1580 312 tem-

272 358 299 378 „
326 333 429 382 poris
456 333 621 382 spatium
638 359 650 378 ‚
677 333 777 382 quod
793 333 876 382 ipsis
890 332 1081 381 Epil'copis
1111 332 1346 368 conveniens
1362 327 1580 372 videbitur,

271 411 299 430 „
327 384 588 434 permittimus
614 385 740 435 quoad
756 397 822 424 eos
839 412 851 430 ‚
877 396 939 434 qui
955 387 975 423 a
989 383 1155 422 Dloecesi
1172 409 1182 426 ‚
1199 381 1236 419 in
1253 394 1325 431 qua
1338 379 1553 420 Tonsuram
1569 404 1580 422 ‚

270 463 298 483 2,
327 436 392 474 vel
405 436 573 476 Ordines
599 439 866 488 susceperunt,
891 447 1000 474 cauta
1015 436 1205 473 ediscendi
1232 435 1434 472 literarum
1462 431 1581 468 scien·-

271 515 299 533 „
328 488 401 526 tias
427 486 467 527 in
485 490 613 539 aliqua
628 491 779 540 publica
794 490 1054 528 Universitate
1070 515 1080 532 ‚
1105 490 1163 523 vei
1178 486 1418 534 Gymnasio,
1436 485 1513 521 five
1533 493 1582 519 ex

271 566 300 586 ,‚
329 540 406 578 alia
418 541 644 580 rationabili
671 542 781 581 causa
802 542 823 579 a
837 542 901 578 suo
916 540 1101 590 Episcopo
1115 539 1323 587 approbata
1337 564 1350 583 ‚
1374 537 1433 575 vel
1447 547 1581 584 appro-

273 618 300 638 ‚‚
329 591 479 638 banda,
507 594 681 633 absentes
697 595 934 643 reperiantur
951 621 961 630 .
1539 637 1547 644 ,

325 657 344 686 3
403 671 430 689 ‚‚
457 644 560 684 Cum
585 654 717 685 autem
730 646 874 686 Clerici
891 674 903 692 ‚
926 645 1043 695 quiin
1060 642 1343 694 Episcopalibus
1359 639 1582 680 Seminariis

272 720 300 741 „
328 695 568 743 educantur,
591 706 632 736 ut
647 698 894 738 commodius
918 698 967 736 ad
980 698 1180 736 literarum
1198 723 1209 739 ‚
1234 696 1497 742 sacrarumque
1522 702 1583 734 re-

270 770 299 792 „
326 759 413 804 rum
430 748 594 788 studium
605 763 763 800 operam
777 751 951 790 conferre
964 777 976 795 ‚
998 749 1153 798 aliisque
1166 776 1176 793 ‚
1192 748 1212 785 a
1225 745 1406 786 Concilio
1417 745 1586 785 Triden-

272 823 302 844 υ
330 807 418 836 tlsso
433 801 654 850 praescriptis
667 830 678 848 ,
705 802 944 841 addiscendis
959 801 1084 852 magis
1099 800 1239 838 assidue
1261 798 1483 838 incumbere
1499 794 1585 844 pos-

273 875 300 895 „
328 850 426 895 fint,
450 860 659 890 teneantur
682 856 792 898 juxta
817 854 983 898 ejusdem
1009 851 1179 890 Concilii
1210 851 1420 888 Decretum
1447 846 1584 885 diebus

274 926 303 946 ,‚
330 903 486 940 tantum
515 903 617 940 festis
634 903 865 942 Cathedrali
882 930 893 949 ‚
923 902 1055 940 aliisve
1082 903 1159 937 loci
1176 900 1354 937 Ecclesiis
1377 897 1584 936 inservire:

273 978 303 998 „
331 953 431 990 hanc
446 953 603 1002 quidem
616 954 786 1000 servitii,
803 967 867 1005 per
891 966 955 992 eos
971 952 1154 997 obeundi,
1171 950 1366 993 rationem
1389 949 1528 989 servari
1546 949 1585 986 in

275 1029 303 1048 ‚,
330 1004 512 1042 omnibus
528 1004 798 1053 Hispaniarum
813 1006 1054 1044 Dioecefibus
1071 1030 1083 1047 ‚
1114 1015 1263 1041 necnon
1279 1003 1375 1051 ipsos
1391 999 1586 1051 generali·

276 1081 304 1099 ‚,
333 1055 401 1092 bus
416 1054 618 1093 dumtaxat
645 1058 766 1095 totius
782 1056 887 1095 Cleri
902 1053 1241 1104 supplicationibus
1258 1080 1269 1097 ‚
1285 1055 1362 1090 five
1377 1049 1590 1090 Proceffio-

277 1131 305 1152 ‚,
333 1105 444 1144 nibus
459 1105 636 1146 interefse
654 1110 847 1152 volumus,
861 1109 898 1146 Sc
914 1106 1145 1144 mandamus
1157 1119 1173 1145 ,-
1188 1104 1334 1142 sublata
1350 1113 1588 1152 quacumque

274 1183 304 1203 ‚,
331 1159 489 1203 majoris
503 1157 647 1197 servitii
664 1159 954 1202 consuetudine,
967 1158 1089 1195 etiam
1103 1154 1422 1200 immemorabili,
1437 1157 1591 1204 postpo-

277 1235 305 1255 „
332 1209 475 1257 sitaque
488 1211 608 1247 etiam
623 1223 864 1259 quacumque
879 1208 1170 1258 Appellatione‚
1181 1215 1247 1244 aut
1263 1207 1498 1244 inhibitione
1516 1234 1525 1243 .
1553 1203 1591 1241 Si

276 1286 306 1305 ‚‚
335 1260 437 1309 quod
451 1269 581 1298 autern
595 1261 855 1300 Seminarium
869 1260 1079 1309 reperiatur
1091 1285 1102 1302 ,
1118 1260 1221 1302 cuius
1236 1257 1463 1295 fundatione
1478 1255 1590 1296 aliter

277 1337 306 1358 „
334 1319 490 1349 cautum
518 1311 613 1349 esset
637 1314 687 1350 ob
702 1313 894 1357 adjedtam
919 1308 1108 1361 gravioris
1121 1309 1267 1346 servitii
1283 1309 1407 1356 legem
1432 1310 1479 1346 ab
1496 1309 1588 1350 illo,

276 1389 306 1410 „
333 1363 399 1410 qui
428 1359 686 1402 Seminarium
710 1364 829 1413 ipsum
853 1362 1102 1403 fundaverit,
1128 1360 1189 1396 seu
1219 1359 1437 1404 dotaverit,
1468 1360 1530 1397 vel
1557 1361 1592 1398 ei

278 1440 307 1460 „
335 1416 440 1464 piam
464 1414 636 1462 aliquam
651 1416 897 1455 largitionem
912 1410 1123 1450 contulerit
1135 1425 1150 1450 3
1180 1409 1352 1459 Episcopi
1368 1411 1415 1448 ad
1432 1410 1515 1449 Nos
1528 1437 1539 1454 ‚
1555 1411 1594 1449 δι’.

278 1493 307 1513 ,,
336 1478 404 1514 pro
419 1473 595 1513 tempore
618 1460 844 1505 existentem
857 1465 1075 1502 Romanum
1092 1461 1324 1500 Pontificem
1345 1459 1386 1499 id
1400 1461 1568 1500 referant
1581 1488 1594 1508 ,

279 1544 308 1564 ‚‚
336 1525 378 1555 ut
392 1516 549 1565 desuper
563 1519 778 1566 opportune
794 1515 987 1566 provideri
1005 1514 1134 1552 valeat
1152 1541 1162 1550 .

331 1580 359 1615 4
412 1595 440 1614 ‚,
468 1567 677 1614 Praeterea‚
700 1581 787 1608 cum
807 1568 977 1606 maxime
993 1565 1130 1604 deceat
1158 1577 1246 1610 eos,
1269 1563 1334 1614 qui
1367 1565 1519 1615 propius
1546 1564 1595 1603 ad

281 1645 310 1665 ,‚
340 1618 589 1658 sacratiffima
603 1620 794 1669 Mysteria
808 1618 990 1657 accessuri
1007 1617 1089 1654 sunt
1104 1642 1115 1660 ‚
1137 1617 1237 1654 ultra
1251 1625 1382 1654 cetera
1395 1617 1571 1666 requifita
1584 1643 1595 1660 ,

284 1697 313 1717 ‚‚
341 1671 570 1721 congruenti
586 1671 705 1709 etiam
718 1672 864 1717 pollere
878 1670 1037 1707 scientia
1053 1693 1064 1711 ‚
1077 1678 1150 1716 qua
1166 1666 1310 1718 praediti
1325 1694 1338 1712 ‚
1350 1669 1455 1706 viam
1471 1667 1596 1705 salutis

286 1749 314 1769 ,‚
344 1722 513 1761 indicare
539 1721 627 1761 aliis
642 1720 965 1763 Christifidelibus
993 1718 1155 1770 poffint:
1184 1717 1355 1768 Episcopi
1372 1720 1521 1758 nonnisi
1535 1731 1600 1757 eos

289 1801 317 1820 ‚‚
343 1786 389 1813 ex
405 1773 523 1812 Clero
549 1782 631 1811 tam
649 1773 825 1810 Saeculari
841 1798 853 1816 ,
882 1772 997 1819 quam
1011 1769 1189 1818 Regulari
1216 1770 1263 1807 ad
1284 1769 1417 1808 Sacros
1432 1770 1601 1809 Ordines

287 1851 316 1871 „
345 1825 557 1863 admittant
571 1850 582 1868 ‚
597 1833 690 1872 quos
705 1824 754 1860 ob
771 1821 973 1860 scientiam
990 1849 1001 1866 ‚
1019 1821 1181 1868 aliasque
1197 1820 1405 1870 qualitates
1420 1834 1467 1860 eo
1481 1821 1601 1870 gradu

289 1903 318 1923 ‚,
345 1875 435 1914 vere
471 1874 609 1924 dignos
649 1886 713 1923 per
741 1873 969 1921 diligentem
999 1872 1284 1921 inquisitionem
1314 1873 1573 1923 compererint
1587 1887 1603 1913 ;

289 1954 317 1975 „
345 1927 486 1966 adeout
504 1927 593 1965 satis
610 1938 687 1964 non
702 1926 746 1964 fit
762 1925 850 1964 illos
865 1952 877 1970 ‚
902 1925 966 1975 qui
983 1924 1201 1974 promoveri
1217 1924 1264 1962 ad
1278 1924 1446 1963 Ordines
1469 1924 1605 1973 praediz

290 2005 318 2026 „
346 1981 428 2017 etos
445 1986 581 2027 optant
594 2004 606 2022 ,
620 1977 792 2027 linguam
812 1976 979 2015 latinam
994 1975 1212 2026 intelligere
1229 2002 1241 2020 ,
1256 1974 1531 2014 Cathechismo
1544 1976 1603 2014 in-

292 2057 320 2078 .,
350 2032 507 2068 struc‘tos
520 2029 598 2068 esse
611 2055 624 2074 ‚
650 2038 765 2078 atque
780 2028 867 2078 apte
883 2027 1109 2078 respondere
1123 2027 1285 2076 quaesitis
1300 2026 1402 2066 circa
1415 2026 1605 2066 Ordinem

293 2109 322 2130 ‚,
351 2081 624 2131 suscipiendum
648 2080 716 2119 sibi
740 2080 777 2118 in
794 2081 973 2119 examine
989 2080 1186 2129 propositis
1201 2106 1210 2117 .
1241 2078 1319 2128 Qi
1337 2080 1431 2120 vero
1446 2078 1491 2117 ad
1512 2079 1606 2117 Pre-

291 2161 318 2181 „
353 2134 597 2181 sbyteratum
622 2139 733 2170 erunt
758 2128 972 2170 assumendi
993 2159 1005 2177 ,
1032 2131 1159 2169 idonei
1178 2128 1282 2180 prius
1304 2143 1370 2181 per
1382 2139 1607 2169 accuratum

292 2212 321 2233 „
348 2185 524 2223 fimiliter
551 2194 714 2222 examen
728 2184 1031 2232 comprobentur
1047 2182 1095 2221 ad
1111 2182 1360 2221 ministranda
1379 2183 1608 2225 Sacramen-

293 2264 323 2285 ‚,
349 2245 391 2274 ta
403 2263 414 2281 ,
428 2237 466 2275 δε
482 2235 529 2274 ad
544 2235 731 2284 Populum
748 2235 966 2274 docendum
982 2247 1024 2274 ea
1042 2262 1053 2280 ‚
1081 2246 1159 2284 quae
1181 2234 1274 2272 scire
1289 2233 1470 2272 omnibus
1484 2233 1609 2270 neces-

297 2315 324 2335 „
354 2288 491 2326 sarium
505 2288 556 2325 est
569 2286 617 2324 ad
631 2287 792 2326 salutem
811 2287 934 2336 :quod
949 2287 1107 2338 quidem
1122 2295 1164 2324 ut
1179 2286 1279 2326 redte
1294 2284 1455 2335 praestari
1469 2283 1607 2335 potiit,

297 2366 325 2387 ‚,
354 2338 717 2389 eosdemEpiscopos
742 2338 782 2377 in
795 2339 966 2378 Domino
996 2341 1194 2378 hortamur
1215 2364 1229 2385 ,
1257 2346 1300 2377 ut
1325 2345 1510 2387 qnantum
1528 2334 1608 2423 fiegi

1472 2395 1558 2436 sOtC
1601 2410 1613 2428 5
