2043 2958
143 698 392 748 Con'ssitutionis

140 750 301 773 motivum
314 763 323 774 .

145 923 351 956 Ecclefiarum
365 924 422 955 da-

144 977 219 997 mna
253 977 289 999 ex
317 969 422 998 bono·

145 1018 215 1039 rum
240 1009 271 1039 in
285 1010 421 1048 emphy-

144 1050 255 1081 teusim
292 1049 420 1082 conces-

146 1091 255 1124 flone-

150 2201 425 2233 InnovaturCon-

151 2242 273 2276 stitutio
288 2243 335 2275 Pii
346 2245 394 2278 11.

452 253 550 298 250
922 242 1303 291 Ama-nnuc

447 319 598 346 necnon
615 308 653 347 in
669 316 815 350 ceteras
829 309 935 350 illius
946 310 1193 359 Civitatis,&
1207 312 1394 354 Dioecefis
1409 313 1607 360 Ecclefias,
1623 329 1665 357 ac
1680 314 1758 357 Lo-

447 370 493 397 ca
508 358 569 408 pia
584 372 828 411 quaecumque
842 362 985 403 Nostrae
1006 364 1214 414 dirigentes
1228 365 1545 406 considerationis
1560 367 1758 417 intuitum,

446 410 604 449 illorum
625 412 811 461 utilitati,
837 414 1138 463 &commodis,
1164 426 1276 466 prout
1307 419 1538 468 praecipuus,
1566 430 1642 467 quo
1668 432 1759 460 eam

446 461 709 511 prosequimur
725 494 736 512 ‚
763 476 926 516 paternae
938 471 1140 509 charitatis
1153 470 1310 510 affectus
1326 470 1455 509 suadet
1471 497 1482 516 ,
1500 482 1544 508 ac
1560 470 1600 509 in
1615 471 1760 512 Domi-

451 525 503 553 no
525 512 725 557 salubriter
741 520 919 569 expedire
943 522 1178 561 arbitramur
1192 549 1203 568 ,
1229 523 1436 572 impenfius
1453 520 1689 574 prospicere,
1716 536 1760 563 ac

450 564 646 622 consulere
669 597 680 616 ,
707 570 746 610 ὃς
767 584 816 610 ne
838 573 993 623 aliquod
1019 574 1301 613 detrimentum
1323 572 1515 625 accipiant
1543 602 1555 621 ,
1584 574 1762 615 solertem

449 617 694 665 vigilantiam
716 622 899 664 adhibere
922 638 998 663 non
1021 625 1230 664 definimus
1245 654 1257 672 ‚
1280 627 1406 666 necin
1422 629 1597 666 futurum
1613 639 1761 677 quoque

449 667 617 708 desinere
641 673 858 723 satagemus
884 705 893 715 .
923 677 1026 716 Cum
1053 677 1183 727 itaque
1211 679 1259 716 ab
1275 679 1387 728 ipsius
1399 679 1554 727 suscepti
1582 690 1647 728 per
1677 679 1760 718 Nos

449 719 614 779 ejusdem
627 724 804 765 Ecclefiae
817 726 1096 768 Beneventanae
1119 730 1321 781 regiminis
1336 730 1576 779 primordiis,
1591 742 1668 769 non
1683 731 1759 770 fine

448 783 558 820 gravi
583 776 702 816 animi
727 777 860 818 Nostri
886 792 1059 821 moerore
1086 781 1479 821 animadverterimus
1496 809 1508 827 ‚
1534 782 1760 832 quamplura

448 824 550 864 bona
565 853 577 872 ‚
595 828 898 879 jurisdit‘tiones‚
923 833 961 873 δε
984 835 1070 880 jura
1094 833 1348 873 Ecclesiarum
1365 860 1377 878 ,
1405 834 1731 886 Monasteriorum
1750 860 1763 880 ,

448 876 650 934 Domuum
667 908 679 926 ,
691 881 957 931 Collegiorum
972 912 983 929 ,
998 885 1259 934 Hospitalium
1274 913 1285 931 ‚
1311 886 1555 934 aliorumque
1567 884 1764 925 Locorum

448 940 598 977 piorum
619 931 819 978 Civitatis,
835 935 872 973 St
886 935 1075 974 Dioeccfis
1091 936 1384 980 Beneventanae,
1402 936 1441 973 in
1457 934 1696 975 locationem
1713 937 1763 975 ad

448 981 606 1029 longum
622 990 772 1033 tempus
785 1012 798 1030 ‚
813 987 1110 1035 emphyteusim,
1124 984 1320 1031 livellurn,
1334 987 1396 1024 vel
1408 985 1579 1031 feudum,
1592 989 1763 1026 humano

448 1032 575 1080 potius
593 1032 728 1073 affeetu
742 1061 755 1080 ‚
784 1038 899 1083 quam
917 1036 1049 1074 habita
1077 1036 1257 1074 utilitatis
1276 1037 1534 1074 Ecclefiarum
1549 1064 1560 1081 ,
1583 1039 1620 1076 δε
1638 1037 1761 1075 Loco-

450 1094 537 1121 rum
551 1084 701 1131 piorum
715 1085 928 1131 hujusmodi
940 1086 1268 1131 ratione‚modico
1283 1087 1346 1125 sub
1362 1099 1491 1126 annuo
1506 1100 1656 1126 canone
1668 1089 1767 1129 olim

450 1134 628 1173 concessa
645 1135 757 1175 fuisse
772 1166 781 1183 ,
811 1137 849 1176 ὃς
877 1138 895 1187 (
917 1138 1019 1188 quod
1036 1139 1191 1187 gravius
1206 1140 1446 1183 ferebamus)
1471 1142 1672 1178 eveniente
1697 1153 1766 1180 ca-

451 1187 489 1225 su
516 1186 780 1228 devolutionis
803 1189 1014 1230 eorundem
1039 1191 1229 1230 bonorum
1244 1220 1256 1238 ,
1279 1189 1613 1238 jurisdictionum,
1637 1197 1675 1230 oc
1699 1194 1764 1238 ju-

450 1238 576 1284 rium,
603 1239 652 1278 ad
681 1252 826 1281 novam
855 1243 1011 1282 illorum
1035 1243 1323 1283 conceffionem
1349 1270 1361 1288 ‚
1385 1245 1461 1281 sive
1490 1244 1764 1291 antiquarum-2

450 1289 736 1332 conceffionum
755 1294 1048 1333 renovationem
1076 1307 1151 1332 non
1182 1296 1298 1334 semel
1318 1294 1527 1334 deventum
1552 1295 1628 1333 esse
1653 1307 1763 1333 com—

451 1350 604 1392 pertum
616 1344 863 1384 habuerimus
875 1373 887 1391 ‚
899 1346 1004 1383 inani
1018 1346 1172 1394 quidem
1189 1348 1252 1385 sub
1270 1355 1452 1395 praetextu
1468 1374 1478 1391 ,
1504 1346 1606 1396 quod
1623 1347 1692 1385 illa
1707 1348 1764 1386 ita

453 1393 615 1432 concedi
631 1396 742 1436 solita
756 1398 877 1436 essent
894 1425 906 1442 ,
934 1397 1113 1446 quodque
1139 1398 1178 1443 ln
1195 1397 1370 1438 Civitate
1386 1425 1398 1443 ,
1427 1400 1466 1437 δι
1484 1399 1651 1437 Dioecefi
1669 1411 1760 1447 prae-

452 1443 567 1484 dietis
590 1447 730 1488 asserta
747 1449 895 1498 vigeret
919 1448 1154 1487 consuetudo
1170 1449 1382 1489 renovandi
1401 1450 1652 1498 praecedentes
1668 1462 1758 1488 con-

452 1494 714 1542 ceffiones‚seu
731 1499 1080 1545 investituras‚cum
1095 1501 1354 1541 reservatione
1367 1502 1759 1540 melioramentorum

451 1548 588 1588 favore
613 1550 871 1591 Ecclefiarum
885 1579 896 1597 ‚
927 1551 1169 1592 &Locorum
1186 1554 1335 1603 piorum
1358 1552 1624 1602 praedicstorum
1639 1580 1650 1599 ,
1679 1565 1758 1602 quae

453 1607 591 1639 tamen
605 1603 837 1641 consuetudo
849 1615 1044 1651 nunquam
1062 1631 1073 1649 ‚
1093 1605 1422 1653 quemadmodum
1437 1604 1576 1650 dejure
1591 1605 1761 1654 require-

452 1651 565 1690 batur
579 1678 590 1696 ,
605 1652 781 1705 legitime
795 1654 955 1702 probata
968 1655 1042 1693 fuit
1056 1658 1072 1701 ζ
1085 1657 1236 1696 tametsi
1250 1656 1313 1695 fel.
1325 1668 1403 1694 ree.
1419 1655 1550 1695 Clem.
1570 1656 1756 1695 PP.V111.

451 1701 704 1743 Praedecessor
729 1704 865 1743 Noster
893 1706 996 1746 illius
1024 1709 1294 1757 probationem
1322 1706 1415 1746 alias
1440 1707 1759 1753 demandaverit)

452 1753 515 1792 sed
527 1754 870 1802 revera,intuitu,
898 1759 938 1796 ὃς
960 1759 1092 1797 animo
1114 1760 1240 1810 potius
1268 1759 1356 1799 inde
1380 1758 1599 1797 retrahendi
1623 1759 1761 1798 laude-

450 1805 579 1844 mium
601 1834 612 1851 ,
642 1807 703 1846 seu
730 1807 972 1859 ingressum,
1001 1822 1118 1860 quem
1147 1815 1366 1849 intraturam
1393 1810 1512 1861 vulgo
1538 1811 1729 1860 appellant
1747 1838 1760 1857 ,

453 1869 616 1907 quorum
645 1859 912 1900 emolumenta
936 1861 974 1900 in
1002 1862 1247 1912 personarum
1273 1861 1626 1903 Ecclefiasticarum
1652 1875 1762 1901 com·

450 1909 614 1949 modum
640 1912 828 1951 cedebant
845 1940 857 1959 ‚
883 1925 957 1952 non
987 1923 1120 1954 autem
1146 1916 1183 1955 in
1200 1916 1455 1955 Ecclefiarum
1474 1942 1486 1961 ,
1515 1915 1760 1953 &Locorum

451 1961 719 2012 praedictorum
751 1965 835 2004 usus
850 1992 861 2010 ,
887 1966 925 2004 &
945 1965 1155 2005 utilitatem
1177 1969 1508 2007 convertebantur
1525 1996 1534 2005 .
1559 1966 1667 2006 Hinc
1680 1967 1731 2005 est
1747 1992 1759 2011 ,

452 2011 555 2061 quod
572 2013 653 2054 Nos
667 2015 799 2054 abusus
815 2044 826 2061 ‚
850 2017 912 2064 qui
929 2020 998 2056 hac
1025 2019 1064 2056 in
1080 2031 1120 2057 re
1136 2020 1365 2068 irrepserunt
1378 2048 1390 2066 ,
1415 2022 1434 2058 ὲ
1450 2020 1582 2059 medio
1598 2020 1734 2058 tollere
1746 2044 1759 2064 ‚

451 2064 641 2112 fimulque
669 2067 919 2106 Ecclefiarum
936 2097 947 2114 ‚
977 2067 1014 2106 δε
1040 2070 1232 2109 Locorum
1252 2068 1402 2120 piorum
1420 2071 1634 2118 hujusmodi
1648 2069 1761 2108 inde-

451 2116 609 2155 mnitati
624 2118 823 2167 providere
840 2121 1038 2169 cupientes
1051 2148 1062 2166 ‚
1088 2132 1198 2160 motu
1211 2124 1365 2172 proprio
1378 2151 1389 2170 ‚
1406 2137 1449 2163 ac
1464 2136 1510 2163 ex
1526 2131 1631 2163 certa
1645 2122 1763 2160 icien-

453 2166 508 2206 tia
525 2193 535 2211 s
562 2169 599 2208 δέ
616 2178 767 2208 matura
779 2169 1059 2211 deliberatione
1070 2172 1219 2212 Nostris
1235 2202 1247 2218 ‚
1272 2176 1396 2225 deque
1410 2177 1637 2225 Apostolicae
1649 2181 1762 2224 pote-

451 2219 556 2257 statis
570 2221 1159 2269 plenitudiue,Constitutionem
1179 2227 1485 2266 rec.mem.Pauli
1501 2226 1622 2266 ΡΡ.ΙΙ.
1638 2226 1761 2265 etiam

452 2269 737 2311 Praedecessoris
750 2273 877 2312 Nostri
887 2302 903 2321 ⁷,
929 2277 1092 2315 relatam
1110 2277 1146 2315 in
1165 2280 1367 2327 Extra-vag.
1385 2279 1607 2327 Ambitieffae,
1623 2279 1665 2314 de
1685 2279 1759 2316 reb.

453 2322 582 2372 Eccles.
596 2337 663 2362 non
676 2326 855 2364 alienand.
872 2354 883 2371 ,
907 2327 947 2365 in
965 2339 1009 2366 ea
1025 2328 1232 2377 praesertim
1249 2341 1356 2380 parte
1370 2358 1381 2376 ,
1403 2331 1439 2368 in
1454 2342 1527 2380 qua
1542 2342 1669 2369 rerum
1684 2358 1696 2375 ,
1722 2331 1762 2370 δε

454 2375 648 2418 bonorum
660 2377 1009 2421 Ecclefiasticorum
1025 2381 1238 2422 locationes
1251 2383 1351 2422 ultra
1365 2382 1591 2430 triennium,
1609 2394 1763 2470 necpon

1641 2445 1680 2472 in
1698 2445 1766 2473 eu-
