2043 2958
494 247 560 287 90
843 228 1457 278 CoNc1L11RoMAN1

951 334 998 384 C
1034 334 1086 382 A
1122 334 1174 384 P.
1250 334 1373 382 III.

497 402 752 478 Qotannis
771 404 976 454 Eremitae
1003 424 1143 453 omnes
1181 405 1234 453 ab
1252 406 1467 472 Epzstopis
1488 422 1626 452 coram
1646 405 1696 471 [ἑ
1714 423 1810 453 con-

629 491 846 526 vocentur
861 495 876 534 3
892 476 1029 542 sitper
1063 477 1238 524 illorum
1254 476 1420 524 astibus
1439 512 1454 532 ,
1492 477 1544 524 (Ὺ
1566 475 1675 524 Ere-

813 565 976 597 morum
1000 545 1124 594 ft'atu
1155 546 1490 613 perscrutandi.

667 652 702 700 E
732 666 893 699 cetero
911 670 1008 699 non
1028 655 1377 717 incongruum,
1396 654 1497 697 imo
1516 648 1812 717 perutileju-

683 721 897 770 dicamus
918 757 933 778 ,
950 720 982 768 fi
1003 721 1293 769 Eremicolas
1315 738 1480 768 omnes
1502 757 1517 777 ,
1539 723 1585 770 ὅ(
1605 718 1812 786 singulos

497 797 755 859 quotannis
787 807 915 840 certa
933 792 1042 848 die,
1076 791 1135 840 ab
1155 792 1391 858 Episcopo
1419 789 1707 858 praefigenda
1736 824 1751 845 ,
1788 794 1814 838 ὲ

495 862 712 911 Dioecesi
744 866 797 908 in
817 863 1094 911 Civitatem
1110 865 1372 910 convenire
1390 895 1406 916 ,
1437 861 1779 926 praescribatur
1798 879 1814 917 ;

494 932 571 980 ibi
605 950 769 981 coram
800 930 1038 997 Episcopo
1070 930 1209 996 ipso,
1242 930 1322 978 vel
1358 934 1457 991 ejus
1498 931 1696 978 Vicario
1712 929 1810 977 Ge-

496 1002 679 1058 ner-ali,
709 1001 944 1067 peculiari
976 999 1207 1047 scrutinio
1244 1000 1303 1047 de
1330 998 1551 1047 Ecclefiis
1570 1034 1584 1055 ,
1622 1002 1670 1047 &
1700 999 1812 1046 Ere-

498 1075 591 1118 mis
609 1107 625 1127 ‚
657 1086 868 1135 quorum
900 1067 1101 1114 servitio
1116 1101 1132 1122 ,
1170 1072 1219 1118 &
1235 1066 1458 1113 custodiae
1474 1068 1694 1132 deputati
1714 1065 1815 1113 fue-—

497 1143 634 1196 rint,
671 1139 730 1186 de
764 1135 1088 1200 eleemosynis
1116 1134 1310 1201 insuper
1331 1171 1346 1192 ,
1377 1137 1426 1184 ὃς
1462 1135 1656 1184 istarum
1693 1133 1776 1183 usu
1796 1171 1813 1192 ,

500 1210 657 1274 deque
686 1208 886 1255 illorum
907 1205 1089 1254 astibus
1112 1241 1128 1262 ,
1157 1207 1207 1254 &
1238 1208 1290 1252 in
1323 1207 1403 1253 via
1430 1205 1671 1272 spirituali
1699 1223 1815 1273 pro-

504 1277 635 1327 seciu
650 1314 667 1335 ‚
685 1281 927 1326 rationem
942 1276 1214 1325 reddituros
1234 1311 1242 1322 .

1575 1388 1799 1395 ———--———

680 1456 1270 1528 TITULUS
1347 1455 1660 1521 XXIII.

501 1568 599 1631 De
634 1566 964 1649 Religiofis
1004 1568 1350 1637 Domibus,
1401 1585 1472 1632 ut
1499 1566 1812 1650 Episcopo

941 1652 1058 1716 fint
1079 1650 1353 1731 subjectae
1376 1697 1389 1711 .

1005 1784 1232 1834 CAP.
1308 1782 1347 1830 I.

493 1880 724 1929 Laicorum
739 1880 1138 1948 Conflaternitates
1152 1883 1325 1927 intenta
1343 1877 1629 1944 filicitudine
1645 1876 1698 1925 ab
1714 1878 1815 1945 Epi-

589 1951 734 2019 stopis
768 1951 1041 2017 vist'tentur3
1069 1949 1287 1998 adhibitis
1314 1968 1398 2016 que
1427 1953 1473 1996 in
1497 1949 1579 2014 fita
1602 1948 1712 1996 Con-

705 2018 936 2069 ft'itutione
953 2019 1118 2067 statuit
1139 2018 1332 2066 Clemens
1354 2019 1471 2085 Papa
1497 2017 1632 2068 VIII.

583 2127 632 2176 N
648 2146 674 2172 τ
689 2146 709 2172 Ε
730 2146 754 2172 a
791 2138 948 2173 cetera
967 2122 1074 2171 loca
1092 2126 1170 2190 pia
1186 2158 1203 2180 ,
1235 2122 1412 2190 quibus
1440 2140 1538 2173 non
1558 2126 1804 2171 minorem

493 2137 570 2295 I
606 2197 738 2246 suam
756 2195 935 2244 debent
953 2192 1181 2260 Episcopi
1200 2211 1366 2243 curam
1382 2231 1398 2252 ‚
1416 2196 1465 2244 ὃς
1484 2193 1811 2260 vigilantiam,

609 2265 854 2334 religiosas
893 2262 983 2315 effe
1001 2264 1270 2313 indicamus
1304 2265 1543 2313 laicorum
1577 2260 1817 2312 Sodalita-

500 2354 570 2389 tes
589 2363 605 2403 3
636 2354 782 2408 quare
801 2337 1064 2408 diligenter
1084 2353 1159 2389 eas
1176 2369 1193 2397 ‚
1213 2341 1357 2400 juxta
1373 2334 1657 2394 Tridentini
1675 2332 1827 2446 Coplf-

1726 2418 1773 2448 cl
1796 2418 1833 2447 11
