2043 2958
633 190 943 242 TITULUS
997 187 1103 238 XI.
1471 204 1532 247 37

230 265 459 316 abstinere
480 300 490 311 .
530 261 663 313 Cum
691 278 852 312 autem
879 260 1108 312 Toletani
1144 255 1365 309 Concilii
1400 261 1537 306 tertii

1656 295 1679 319 a

227 338 423 386 decreto
440 344 451 359 ³
471 372 486 393 ‚
504 339 718 403 graviter
735 353 818 384 eos
840 352 1038 402 peccare
1055 329 1308 381 definiatur
1324 366 1340 387 ,
1368 333 1455 396 qui
1472 328 1540 377 se-
1565 338 1642 370 can.
1657 340 1773 363 ΗΜ·

225 408 303 457 stis
325 409 492 457 diebus
513 444 528 465 ,
547 408 706 456 audita
725 406 1063 455 tantummodo
1084 401 1229 452 Missa
1246 439 1262 460 ,
1276 406 1377 450 otio
1396 399 1440 449 se
1460 400 1543 448 de-

231 480 419 537 dentes,
441 495 599 527 totum
617 479 748 528 diem
766 483 818 526 in
835 478 969 535 aleis,
986 479 1034 526 &
1049 479 1240 523 choreis
1263 471 1545 528 inhonestis,

229 554 282 599 in
301 551 620 600 ebrietatibus
640 586 656 608 ,
677 546 1154 599 commessationibus
1175 582 1191 604 ‚
1211 544 1410 612 aliisque
1430 561 1547 610 pec-

229 626 347 670 catis
367 658 382 679 ,
406 626 454 673 ἃ
475 622 775 672 vanitatibus
798 620 1062 689 transigunt
1083 639 1097 677 ;
1129 637 1189 666 ne
1213 633 1469 684 propterea
1489 612 1546 659 de

231 690 340 758 ipsls
360 693 487 759 apud
508 693 674 742 Deum
692 694 880 742 dicatur
896 729 912 750 ,
928 688 1324 758 tempmfhciendi,
1342 687 1548 741 Domine,

1667 709 1689 744 b
1741 720 1743 723 .

230 762 556 829 dtffipaverzmt
588 766 723 831 legem
744 781 861 812 cuam
882 764 896 787 ὓ
912 800 929 821 ,
958 762 1069 810 illos
1108 778 1171 806 ex
1202 762 1364 808 animo
1384 773 1550 803 mone-
1576 757 1662 801 Psal.
1685 757 1763 793 118·

230 851 338 879 mus
359 867 375 888 ‚
411 849 463 880 ut
480 832 652 880 diebus
672 834 902 881 omnibus
922 867 938 888 ‚
958 832 1070 880 Deo
1084 827 1369 876 consecratis
1390 860 1406 881 ,
1437 824 1549 872 Deo

233 901 339 968 ipsi,
356 920 407 949 ac
429 902 762 969 spiritualibus
780 920 950 952 vacare
970 899 1186 949 studeant
1203 917 1214 943 :
1232 894 1459 946 Ecclefias
1479 913 1552 943 re-

236 971 451 1037 ligiofius
466 973 652 1021 adeant:
670 974 990 1023 Sacramentis
1009 971 1053 1021 se
1068 968 1551 1025 mundent,c0mmu-

236 1045 472 1109 niantque
491 1062 501 1088 :
525 1043 861 1091 Concionibus
880 1077 896 1098 ,
913 1040 1193 1105 divinisque
1209 1036 1381 1089 officiis
1402 1039 1552 1082 inter-

237 1110 328 1158 sint
347 1130 362 1169 ;
391 1132 444 1160 ac
462 1110 733 1162 ferventius
770 1110 815 1159 se
849 1116 903 1158 in
938 1109 1168 1177 operibus
1189 1110 1383 1175 pietatis
1413 1123 1553 1153 exer-

236 1197 375 1228 ceant
392 1217 403 1228 .

710 1249 757 1298 C
794 1250 846 1300 A
882 1249 937 1298 P.
1012 1247 1092 1296 II.

270 1354 306 1403 S
310 1356 460 1405 ervile
491 1372 593 1422 opus
623 1355 824 1422 quomodo
843 1353 994 1404 Fessis
1022 1352 1123 1421 ipsts
1154 1351 1306 1400 diebus
1326 1352 1519 1417 permit-

451 1427 661 1483 tendztm5
701 1431 872 1491 pietate
907 1426 961 1472 id
979 1423 1192 1488 suadente
1212 1457 1229 1478 ,
1257 1423 1346 1472 vel

647 1500 852 1564 exigente
887 1492 1156 1558 necefficate?

234 1599 469 1735 SUper
491 1605 552 1648 iis
571 1616 734 1649 autem
753 1635 770 1656 ,
804 1618 910 1668 quae
930 1601 983 1646 in
1001 1597 1286 1646 eorumdem
1304 1594 1552 1647 Festorum

361 1669 565 1720 occursu
583 1670 663 1720 vel
683 1674 836 1738 pietas
855 1668 1049 1717 suaserit
1068 1704 1083 1726 ,
1104 1668 1185 1716 vel
1206 1667 1416 1716 humana
1435 1686 1550 1716 exe-

232 1757 360 1808 gerit
388 1741 631 1790 neceffitas
650 1778 666 1799 ,
698 1739 930 1790 univerfis
951 1738 1138 1789 Christi
1159 1737 1384 1786 fidelibus
1407 1739 1552 1786 volu-

238 1817 507 1873 muS,juxta
524 1810 677 1860 sacros
697 1812 960 1867 Canones⁰‚
975 1807 1199 1857 consueta
1218 1808 1550 1856 misericordia

237 1881 556 1930 subveniatur
574 1919 584 1928 .
631 1880 776 1931 Unde
812 1883 862 1929 &
898 1878 1050 1927 meffis
1071 1914 1087 1935 ,
1123 1880 1171 1927 ἃ
1189 1879 1551 1925 vindemiarum

236 1967 478 2019 ternpore,
494 1951 681 2018 aliaque
700 1950 937 1998 confimili
956 1962 1156 2014 urgente
1175 1947 1416 1996 occasione
1438 1984 1454 2005 ,
1472 1952 1551 1996 cui

237 2038 353 2071 tunc
377 2023 515 2071 aliter
542 2026 743 2071 omnino
770 2019 1022 2087 provideri
1042 2037 1140 2067 non
1160 2017 1297 2085 poffit
1315 2054 1331 2075 ,
1372 2018 1515 2066 liceat
1532 2054 1549 2076 ,

240 2111 355 2141 curn
371 2097 437 2140 ita
457 2092 681 2161 Episcopi
695 2096 747 2151 in
767 2090 983 2160 ipsorum
1004 2089 1200 2138 licentia
1219 2125 1235 2146 ,
1264 2092 1414 2156 gratis
1435 2108 1549 2137 con-

243 2164 473 2221 cedenda,
493 2163 1117 2226 convenirejudicaverint,
1131 2160 1303 2210 servile
1325 2179 1446 2228 opus
1468 2178 1548 2227 ag-

241 2234 400 2301 gredi,
420 2235 561 2284 Missa
575 2234 745 2284 saltem
762 2238 895 2303 prius
915 2233 1076 2282 audita
1095 2270 1106 2280 .
1137 2234 1238 2300 Qii
1254 2236 1373 2282 vero
1395 2230 1547 2279 licen-

243 2309 363 2359 tiam
380 2306 686 2360 obtinuerint
700 2342 718 2367 ‚
738 2306 1073 2357 adhortatione
1086 2318 1371 2356 moneantur
1390 2340 1405 2362 ‚
1431 2321 1549 2369 qua-

1409 2388 1547 2423 tenus

1580 1837 1642 1878 Cap
1657 1795 1742 1866 Lcicet
1761 1836 1809 1866 De

1580 1881 1678 1914 Feriis
1695 1901 1704 1911 .
