2043 2958
445 240 548 284 230
913 224 1289 272 Appi-:Noix

442 320 470 341 ‚‚
501 293 550 332 ad
578 293 804 343 Episcopum
821 292 1099 332 Dioecesanum
1115 295 1247 333 literas
1273 293 1502 334 dimissorias
1523 308 1590 344 pro
1603 308 1768 337 eorum-

444 372 472 392 „
500 345 590 383 dem
610 345 803 383 Ordinum
828 345 1063 395 susceptione
1086 346 1107 384 εὶ
1125 345 1199 385 suis
1216 347 1481 396 Superioribus
1508 346 1578 384 effe
1597 348 1769 397 dirigen-

446 423 475 442 „
504 396 571 434 das
584 423 596 441 ,
614 406 865 445 praeterquam
887 397 927 435 in
944 398 1030 436 casu
1044 426 1055 444 ‚
1078 410 1154 446 quo
1170 398 1421 437 Dioecesanus
1437 399 1458 437 a
1472 397 1640 437 Dioecefi
1659 401 1767 439 abes-

449 475 475 493 „
505 447 557 486 set
573 474 585 493 ‚
611 448 671 486 vel
685 447 968 488 Ordinationes
986 462 1062 489 non
1081 448 1169 488 effet
1184 451 1383 488 habiturus
1398 465 1412 491 5
1440 462 1516 500 quo
1542 448 1663 488 etiam
1680 452 1767 490 casu

448 524 474 544 ‚‚
505 501 544 538 iu
576 498 699 538 literis
722 499 944 540 dimifforiis
961 529 974 547 ,
1002 501 1051 540 ad
1068 502 1189 540 alium
1210 502 1437 551 Episcopum
1463 500 1676 549 dirigendis
1704 515 1767 541 ex-

450 576 477 595 „
505 551 622 601 prefl'a
645 551 728 589 fieri
744 552 881 591 debeat
897 553 1046 591 mentio
1062 554 1149 598 ‚vel
1165 554 1212 591 de
1227 554 1404 603 praedidia
1421 553 1592 603 Episcopi
1608 551 1767 592 Dioece-

448 627 477 648 ,‚
507 604 586 640 sani
604 603 774 642 absentia
791 633 802 649 ‚
818 605 876 642 vel
894 604 941 641 de
959 606 1026 642 illa
1051 606 1125 642 alia
1137 606 1246 643 causa
1260 633 1273 650 ‚
1299 605 1482 643 videlicet
1497 632 1508 649 ‚
1526 605 1629 653 quod
1643 604 1765 642 Ordi-

450 679 477 698 ,‚
507 654 684 692 nationes
702 666 779 693 non
796 657 840 693 sit
855 656 1051 694 habiturus
1067 655 1256 704 :exceptis
1270 666 1416 700 tamen,
1430 656 1555 705 quoad
1575 656 1765 704 praedit-⁰12,

450 731 478 750 ,,
508 706 757 754 Regularibus
774 707 851 744 illis
867 734 878 751 ‚
904 707 1040 756 quibus
1067 720 1131 756 per
1146 707 1306 756 speciale
1325 708 1569 756 privilegium
1593 708 1615 744 a
1639 706 1766 747 Sede.)

450 782 477 801 ‚‚
506 758 729 806 Apostolica
757 759 834 807 post
849 757 1070 798 Concilium
1087 759 1363 798 Tridentinum
1387 758 1503 797 fuerit
1525 757 1738 796 concessum
1754 786 1766 805 ,

450 833 478 852 ‚,
506 817 546 846 ut
562 809 583 847 a
596 808 768 857 quolibet
784 810 990 849 Catholico
1004 811 1192 849 Antistite
1207 810 1374 849 Ordines
1398 810 1580 860 suscipere
1600 809 1736 858 possint
1751 837 1762 856 ‚

450 885 479 904 ,,
509 860 614 908 super
631 873 706 908 quo
723 861 878 899 indulto
895 862 990 898 nihil
1006 874 1070 910 per
1085 862 1278 908 praesentes
1294 863 1483 899 innovare
1498 861 1734 899 intendimus
1750 889 1759 898 .

450 937 478 955 ,,
507 911 697 950 Noverint
714 922 842 950 autem
856 912 1053 960 Episcopi,
1068 912 1103 949 se
1119 911 1258 955 debere
1275 924 1338 960 per
1353 912 1572 961 semetipsos
1586 936 1596 951 ‚
1625 913 1765 949 secluso

451 987 480 1006 ‚‚
507 963 767 1006 aegrotationis
784 962 869 1000 casu
884 989 894 1006 ,
916 961 1086 1001 Ordines
1100 963 1275 1001 conferre
1286 989 1296 1005 ‚
1311 962 1349 998 ὃ(
1364 963 1554 1000 sacrorum
1568 963 1762 1001 Ordinum

453 1038 479 1056 ,,
508 1013 757 1050 collationem
781 1013 930 1050 statutis
959 1015 980 1050 a
1003 1016 1086 1055 jure
1110 1013 1372 1059 temporibus,
1401 1024 1445 1049 ac
1472 1015 1510 1050 in
1537 1014 1765 1051 Cathedrali

452 1088 480 1107 ,,
511 1063 692 1106 Ecclesia,
710 1063 862 1100 vocatis
877 1089 888 1106 ,
904 1064 942 1101 ὅ(
954 1063 1188 1100 adstantibus
1201 1063 1426 1106 Canonicis,
1444 1061 1594 1111 publice
1615 1065 1763 1102 haben-

453 1140 479 1159 „
511 1114 602 1153 dam
626 1113 697 1153 effe
715 1127 730 1153 ,·
755 1114 818 1152 vel
845 1114 871 1151 fi
896 1115 934 1152 in
952 1113 1029 1152 alio
1045 1114 1231 1151 Dioecefis
1253 1114 1363 1158 loco,
1387 1114 1533 1163 semper
1549 1124 1679 1152 tamen
1696 1117 1764 1154 in-‚

452 1191 480 1211 ‚,
510 1166 677 1205 Ecclesia
692 1194 703 1212 ‚
721 1173 908 1214 quantum
923 1164 1004 1203 fieri
1019 1163 1161 1214 poterit
1175 1165 1341 1212 digniori
1360 1192 1371 1209 ,
1402 1166 1439 1204 ἃ
1454 1165 1633 1212 praesente
1648 1166 1765 1204 Clero

451 1243 481 1262 ‚‚
508 1217 674 1263 ejusdem
691 1217 789 1264 loci.
808 1217 870 1254 Ne
887 1219 977 1254 vero
992 1216 1244 1260 incertitudo,
1262 1227 1306 1253 an
1321 1217 1384 1265 ipsi
1399 1216 1678 1255 Ordinationes
1692 1218 1765 1256 fint

452 1295 480 1313 ‚,
508 1269 700 1312 habituri,
731 1265 848 1306 nimis
862 1280 980 1316 grave
995 1266 1130 1305 afferat
1155 1268 1448 1307 incommodum
1462 1268 1735 1317 promovendis
1754 1296 1765 1314 ‚

454 1345 483 1364 ‚,
512 1320 621 1359 varia
638 1318 824 1358 Dioecesis
840 1320 925 1356 loca
942 1319 1248 1356 inhabitantibus
1264 1333 1278 1358 ,-
1303 1331 1367 1368 per
1395 1319 1564 1356 mensem
1589 1328 1678 1356 ante
1693 1320 1768 1357 sin-

455 1397 484 1415 „
512 1372 610 1423 gulis
627 1371 776 1410 vicibus
793 1368 944 1417 publico
963 1370 1098 1408 Edicto
1121 1371 1168 1407 ab
1190 1369 1324 1409 iisdem
1342 1370 1534 1419 Episcopis
1562 1369 1767 1408 denuntie-

452 1447 482 1466 ,,
510 1431 596 1467 tur,
623 1423 659 1460 se
683 1420 961 1461 Ordinationes
983 1420 1054 1459 effe
1068 1420 1268 1459 habituros
1286 1449 1297 1466 ‚
1322 1421 1417 1459 adeo
1444 1430 1486 1458 ut
1512 1421 1660 1470 quoties
1691 1421 1762 1459 de-

453 1499 480 1518 „
510 1471 708 1513 nunciatio
723 1472 936 1517 hujusmodi
951 1473 1051 1510 facsta
1070 1484 1146 1510 non
1161 1471 1278 1511 fuerit
1293 1499 1304 1517 ‚
1329 1472 1420 1510 inde
1436 1473 1522 1510 satis
1538 1472 1762 1521 intelligant

451 1551 479 1569 ‚‚
507 1526 736 1574 ReguIaoes,
762 1522 989 1573 Episcopum
1016 1522 1291 1565 Dioecesanum
1305 1523 1585 1562 Ordinationes
1613 1535 1659 1562 ea
1676 1525 1761 1563 vice

452 1602 480 1621 ,‚
510 1577 673 1615 minime
700 1574 772 1614 effe
798 1575 1043 1620 habiturum,
1072 1576 1214 1624 sibique
1228 1573 1373 1613 idcirco
1390 1575 1540 1614 licitum
1557 1575 1729 1612 futurum
1749 1602 1760 1620 ‚

452 1653 480 1672 ‚‚
508 1626 678 1667 Ordines
702 1627 749 1664 ab
776 1627 855 1663 alio
871 1626 1054 1674 Episcopo
1081 1627 1261 1674 suscipere
1289 1639 1377 1664 cum
1406 1627 1526 1664 literis
1543 1626 1758 1664 dimissoriis

450 1705 479 1724 „
508 1678 663 1718 suorum
677 1676 927 1726 superiorum
947 1677 996 1715 ad
1012 1688 1100 1715 eum
1114 1676 1271 1717 dii-ediis
1286 1704 1297 1722 ‚
1321 1678 1470 1715 servata
1486 1678 1525 1715 in
1543 1678 1589 1715 iis
1603 1677 1766 1717 forma·

450 1755 480 1775 „
508 1730 673 1778 superius
688 1727 853 1778 expressa
870 1756 879 1766 .

508 1785 554 1818 16
608 1808 634 1826 ‚‚
666 1779 839 1830 Episcopi
856 1778 895 1819 in
913 1779 1092 1817 omnibus
1110 1779 1320 1818 Mulierum
1337 1779 1581 1818 Monasteriis
1600 1778 1667 1818 fibi
1684 1779 1766 1817 sub—

451 1859 479 1878 „
506 1832 615 1879 jectis
630 1860 640 1877 ‚
656 1832 865 1872 Ordinaria
879 1860 890 1876 ‚
905 1831 941 1869 in
959 1831 1043 1869 aliis
1058 1833 1150 1869 vero
1166 1829 1355 1879 exemptis
1372 1858 1383 1876 ‚
1406 1831 1639 1869 auctoritate
1655 1831 1763 1869 Sedis

449 1910 478 1929 ‚‚
507 1883 766 1934 Apostolicae,
788 1883 1011 1921 inconcusse
1038 1883 1230 1920 observari
1253 1891 1410 1927 curent,
1435 1895 1514 1932 quse
1540 1882 1642 1920 circa
1668 1882 1763 1920 San-

447 1962 475 1981 „
506 1937 793 1975 &monialium
817 1936 1028 1973 clausuram
1046 1962 1058 1979 ,
1086 1935 1324 1983 vetitumque
1353 1935 1389 1972 in
1414 1934 1515 1974 dista
1529 1934 1761 1973 Monasteria

449 2014 478 2032 „
507 1987 710 2036 ingressum
725 2014 735 2032 ‚
768 1996 849 2025 tam
871 1988 909 2024 in
929 1987 1104 2024 DecretiS
1121 1986 1359 2025 Tridentinae
1378 1985 1530 2035 Synodi
1546 2013 1557 2030 ,
1581 1986 1695 2034 quam
1720 1985 1760 2024 in

449 2064 477 2084 ,‚
505 2037 792 2077 Constitutione
816 2039 947 2075 similiS
973 2038 1167 2075 memoriae
1190 2038 1367 2086 Gregorii
1384 2038 1487 2086 Papae
1503 2037 1610 2076 XIII.
1639 2035 1759 2075 etiam

449 2115 478 2135 ‚,
506 2090 791 2128 Praedecessoris
815 2088 969 2134 Nostri,
994 2087 1099 2127 edita
1115 2088 1432 2139 IdibusJanuarii
1452 2089 1542 2128 anni
1569 2088 1759 2126 millesimi

446 2167 474 2188 ,‚
502 2142 797 2191 quingentesimi
814 2141 1081 2191 septuagefimi
1099 2141 1404 2189 quinti,providc
1420 2142 1597 2179 ordinata
1613 2140 1693 2176 sunt
1711 2166 1720 2175 .

500 2206 544 2240 17
600 2219 627 2238 ‚,
657 2193 939 2242 Perpendentes
961 2193 1079 2230 etiarn
1098 2193 1318 2231 Christianae
1333 2191 1608 2242 Reipublicaein
1624 2188 1757 2239 primis

444 2271 472 2290 ‚‚
499 2244 701 2295 expedire,
719 2253 759 2283 ut
777 2244 1031 2283 ministerium
1049 2272 1060 2289 ‚
1076 2255 1121 2282 ac.
1134 2247 1296 2293 potestas
1311 2246 1479 2282 clavium
1494 2244 1531 2280 in
1549 2241 1755 2279 remitten-

443 2323 471 2341 ,‚
500 2296 584 2342 dis,
611 2297 891 2345 retinendisque
920 2297 1090 2346 peccatis
1109 2297 1210 2334 redte
1227 2303 1448 2334 exerceatur
1463 2310 1478 2336 ,ς
1506 2293 1756 2337 declaramus,

443 2374 470 2393 ,,
498 2348 721 2387 Sacerdotes
736 2376 748 2394 ‚
779 2357 859 2387 tam
878 2349 1083 2388 Saeculares
1100 2376 1110 2394 ,
1128 2349 1242 2398 quam
1264 2347 1467 2397 Regulares
1480 2372 1494 2393 ,
1516 2344 1578 2395 qui
1602 2344 1655 2433 al}
1670 2342 1758 2399 Epi-

1652 2406 1753 2443 copis
