2043 2958
604 255 666 285 An
688 236 972 287 Coucuaum
993 234 1250 285 Romnum
1272 270 1282 281 .
1509 249 1602 292 177

291 320 351 348 res
364 335 376 354 ‚
388 307 533 346 formas
547 335 559 354 ,
571 308 610 348 δε
622 308 807 347 clausulas
821 334 833 352 ‚
850 305 972 347 etiam
985 306 1233 355 quantumvis
1247 307 1497 355 praegnantes‚
1511 303 1606 352 pias,

290 363 330 400 oc
348 359 892 411 privilegiatas‚praesentibus
908 372 976 410 pro
998 360 1106 408 plene
1121 386 1133 404 ‚
1157 357 1196 395 δέ
1211 356 1470 400 sufficienter,
1494 367 1537 394 ac
1561 356 1610 393 de

288 413 411 451 verbo
436 411 484 449 ad
504 412 667 450 verbum
680 440 692 458 ,
717 412 813 450 nihil
829 413 982 460 penitus
999 411 1140 449 omisso
1154 438 1166 455 ‚
1199 409 1346 449 insertis
1366 436 1378 455 ‚
1402 407 1584 457 expressis
1598 433 1611 452 ,

288 464 328 503 &
342 463 568 514 specificatis
581 464 771 502 habentes
786 490 798 508 ‚
825 461 903 502 illis
916 461 1013 501 alifis
1040 462 1080 502 in
1097 462 1162 500 suo
1175 462 1315 500 robore
1333 458 1584 510 permansuris
1598 484 1612 503 ,

289 514 341 553 ad
364 514 642 565 praemissorum
665 513 845 557 omnium
859 541 870 559 ‚
892 516 931 554 ὃς
960 515 1194 564 fingulorum
1219 512 1500 552 validissimum
1523 509 1614 548 effe-

289 568 412 612 etum,
428 569 499 605 hac
517 567 603 605 vice
616 566 825 606 dumtaxat
839 565 1040 612 latissime,
1053 566 1092 606 &
1110 564 1326 616 plenissime
1339 591 1351 609 ‚
1365 575 1408 601 ac
1423 561 1613 601 sufficien-

289 625 349 656 ter
366 645 377 663 ‚
405 630 554 657 necnon
570 618 785 666 specialiter
799 645 811 663 ‚
834 617 873 656 δε
888 618 1060 668 expresse
1075 645 1087 662 ‚
1103 624 1217 655 motu
1234 644 1246 661 ‚
1260 615 1418 654 scientia
1430 642 1442 661 ‚
1455 615 1494 654 &
1506 621 1613 663 pote-

291 670 398 708 statis
415 670 653 719 plenitudine
670 669 873 715 similibus,
887 672 1023 708 harum
1040 669 1132 707 serie
1145 668 1392 719 derogamus,
1405 665 1613 715 ceterisque

294 720 501 760 contrariis
515 722 813 772 quibuscumque
825 749 836 760 .

396 772 507 811 Nulli
532 785 626 823 ergo
641 774 808 812 omnino
824 773 1028 812 hominum
1051 773 1168 812 liceat
1182 772 1366 811 Nostram
1390 773 1489 809 hanc
1507 768 1617 819 pagi-

1664 797 1835 829 Decretum
1860 808 1924 838 ρω-

292 836 384 864 nam
401 825 690 873 approbationis
705 852 716 869 ‚
738 823 1048 863 confirmationis
1067 851 1080 869 ,
1093 823 1369 862 declarationis
1381 849 1394 866 ‚
1417 821 1618 865 subjestio-
1642 838 1715 870 nale
1730 860 1740 870 ⁴

288 878 350 914 nis
367 901 379 920 ,
410 875 586 913 mandati
606 901 618 920 ‚
631 873 778 912 decreti
795 900 807 918 ,
820 874 1034 913 voluntatis
1048 901 1059 919 ‚
1084 874 1259 924 praecepti
1275 900 1288 918 ‚
1301 873 1340 912 ὃς
1353 871 1616 921 derogationis

290 926 503 976 infringere
519 953 531 972 ,
548 927 610 965 vel
626 926 660 963 ei
677 926 767 963 ausu
783 923 994 964 temerario
1009 924 1202 963 contraire
1216 938 1231 964 ‚-
1260 924 1288 962 fi
1300 923 1384 974 quis
1398 930 1527 961 autem
1542 924 1615 960 hoc

291 986 489 1017 attentare
525 975 823 1027 praesiimpserit,
854 976 1166 1032 indignationem
1189 974 1482 1027 Omnipotentis
1507 973 1613 1018 Dei,

291 1040 339 1068 ac
358 1028 566 1066 Beatorum
582 1029 684 1066 Petri
701 1054 713 1071 ‚
729 1029 768 1066 ὃ(
785 1028 894 1066 Pauli
909 1054 920 1071 ,
934 1028 1213 1077 Apostolorum
1228 1029 1322 1074 ejus,
1338 1026 1374 1063 se
1389 1025 1539 1065 noverit
1555 1026 1612 1062 in-

293 1078 490 1118 cursurum
506 1108 516 1118 .
548 1080 697 1118 Datum
715 1077 845 1115 Romae
877 1078 975 1126 apud
1000 1079 1037 1116 S.
1055 1078 1228 1116 Mariam
1254 1078 1478 1122 Maiorem,
1508 1088 1610 1114 anno

292 1131 577 1170 lucarnatiouis
598 1130 812 1168 Dominicae
835 1129 1042 1168 millefimo
1064 1128 1400 1178 septingentefimo
1422 1127 1609 1177 vigefimo

293 1180 435 1270 quinito
449 1209 460 1227 ,
490 1180 614 1231 pridie
628 1180 763 1219 Nonas
776 1180 941 1231 Augusti
957 1207 972 1226 ,
999 1179 1251 1219 Pontificatus
1271 1177 1400 1218 Nostri
1426 1190 1529 1217 anno
1552 1178 1608 1218 se-

293 1245 368 1271 cun
399 1244 444 1269 o.

295 1329 359 1385 P.
376 1328 464 1388 Μ..
480 1330 639 1389 Card.
654 1328 995 1387 Prodatarius.
1079 1330 1134 1391 F.
1154 1329 1309 1387 Card·
1328 1328 1606 1387 Oliverius-

668 1461 801 1506 “Visa
817 1464 869 1506 de
886 1463 1015 1508 Curia
1030 1465 1075 1519 J.
1094 1465 1343 1508 Fontaninus
1361 1495 1373 1507 .

383 1580 478 1619 Loco
491 1584 523 1620 >1⁴
537 1578 669 1618 Plumbi
681 1603 692 1616 .
1118 1582 1156 1616 1„
1173 1579 1391 1616 Martinettus
1410 1602 1421 1613 .

849 1683 1027 1732 Regtstrata
1048 1686 1081 1723 in
1097 1685 1268 1723 secretaria
1279 1685 1436 1722 Brevium
1460 1707 1471 1719 .
