2043 2958
455 228 550 260 102
808 208 1440 263 C0N01L11R0MAN1

910 327 959 380 C
994 328 1047 378 A
1082 329 1137 380 P.
1211 326 1333 377 III.

452 449 646 501 Barones
660 486 675 508 ,
700 449 984 518 prohibentes
1004 450 1132 497 laicis
1153 484 1168 506 ,
1197 467 1248 495 ne
1268 446 1480 497 Clericali
1498 446 1777 516 militiaefine

522 522 710 591 ipfhrnm
733 523 915 570 licentia
935 520 1244 587 adsbribnntur
1257 555 1273 578 ‚
1303 523 1711 569 excommunicatio-

603 598 674 642 nis
683 592 911 659 fi’ntentia
931 608 1161 640 terrentur
1178 609 1193 648 3
1207 607 1340 656 prout
1354 592 1407 639 <J
1422 592 1526 637 laici
1542 590 1642 659 ipst,

665 668 742 732 qui
759 664 887 712 illam
904 663 1068 726 ande-nc
1084 663 1311 711 licentiam
1326 667 1582 730 impetrare.

629 781 713 831 On
730 780 838 830 sunt
855 782 1050 850 insuper
1081 780 1186 830 ullo
1204 781 1353 830 modo
1373 780 1568 831 ferenda
1584 816 1601 838 ‚
1637 796 1744 847 quae
1764 794 1788 824 a

669 853 901 903 Dominis
941 853 1237 920 quibusdam
1274 851 1634 919 temporalibus·
1664 854 1790 913 inju-

469 924 592 976 riosa
627 923 870 973 noscimus
908 922 1272 973 ecclesiasticam
1310 938 1477 971 contra
1506 921 1790 970 libertatem

471 995 670 1047 industa
698 995 978 1061 praejudicia
999 1028 1009 1039 .
1048 991 1310 1040 Mittentes
1350 995 1484 1039 enim
1520 991 1609 1057 ipfi
1640 1009 1792 1039 cum-2

469 1068 596 1116 Ozia
627 1082 797 1113 manus
833 1067 886 1110 in
920 1060 1048 1111 sacra
1064 1058 1350 1117 thuribula,
1368 1064 1636 1123 injuvenes
1656 1078 1793 1108 nem-

471 1156 532 1207 pe
552 1137 663 1187 Deo
681 1132 1049 1189 consecrandos,
1064 1135 1334 1190 eos‚minis,
1349 1150 1401 1180 ac
1418 1145 1554 1181 metu
1573 1130 1796 1189 incussis,

474 1209 535 1260 ab
553 1205 772 1260 Ecclefiae
790 1202 1004 1253 ineundo
1020 1200 1224 1252 servitio
1242 1202 1500 1252 retrahunt
1515 1238 1533 1260 ,
1546 1207 1632 1270 qui
1652 1202 1794 1252 cleri-

474 1279 569 1329 cali
587 1276 632 1326 se
650 1276 841 1327 militiae
860 1287 1100 1342 appetunt
1117 1276 1304 1323 initiari
1321 1311 1332 1322 .
1373 1272 1628 1342 Supplices
1657 1291 1795 1322 nam-

477 1369 573 1418 que
590 1349 649 1399 ab
666 1348 744 1398 his
767 1345 1066 1415 praesumunt
1085 1343 1172 1394 fibi
1190 1345 1354 1394 offerri
1369 1344 1586 1404 libellos;
1607 1347 1656 1395 ἃ
1677 1345 1795 1393 dum

476 1422 640 1491 placet
661 1456 678 1478 ‚
706 1433 788 1468 aut
806 1436 928 1466 voce
944 1451 961 1475 ,
986 1431 1068 1465 aut
1085 1414 1298 1484 scripto,
1318 1432 1373 1466 ut
1391 1417 1449 1466 ad
1470 1415 1730 1485 Episcopos
1750 1415 1796 1464 se

483 1490 733 1542 conferant
769 1486 1095 1545 ordinandos,
1122 1487 1379 1537 licentiam
1406 1490 1758 1556 impertiantur
1786 1523 1797 1534 .

482 1561 781 1627 Hujusmodi
798 1560 900 1610 Nos
917 1558 1139 1609 volentes
1162 1560 1411 1610 audaciam
1430 1558 1664 1609 cohibere
1684 1594 1699 1617 ,
1716 1576 1802 1607 ex-

484 1634 948 1684 communicationis
971 1647 1171 1695 poenam
1189 1629 1391 1678 ferimus
1410 1630 1518 1679 latae
1538 1628 1802 1686 sententiae,

481 1703 733 1774 Episcopis
752 1701 1020 1770 respestive
1051 1698 1339 1750 reservatam
1356 1737 1374 1759 ,
1392 1716 1494 1751 tam
1511 1716 1677 1748 contra
1696 1699 1803 1748 Do-

481 1780 645 1826 minos
664 1772 954 1841 temporales
974 1771 1120 1839 ipsos,
1135 1775 1221 1839 qui
1240 1772 1424 1821 directe
1443 1770 1525 1820 vel
1546 1769 1802 1828 indirecte,

482 1848 693 1896 mediate
725 1844 806 1895 vel
827 1844 1108 1893 immediate
1135 1843 1366 1911 praedic³ta
1393 1843 1552 1892 adhuc
1572 1840 1802 1911 praesum-

482 1917 669 1986 pserint
687 1932 923 1967 attentare
941 1952 958 1973 ,
992 1921 1138 1982 quam
1158 1930 1326 1964 contra
1340 1914 1489 1964 laicos
1506 1930 1806 1982 promoven-

485 1990 572 2038 dos
587 2025 604 2047 ‚
636 1988 719 2037 vel
737 2006 907 2036 eorum
926 1985 1300 2053 consanguineos
1316 2023 1334 2045 ‚
1362 1986 1393 2033 fi
1412 2004 1499 2054 per
1519 1984 1564 2034 se
1580 2020 1598 2042 ‚
1616 1983 1697 2033 vel
1713 2000 1801 2050 per

486 2060 606 2108 alios
627 2095 645 2117 ,
676 2058 933 2108 licentiam
954 2055 1108 2123 ipsam
1133 2061 1186 2108 in
1216 2058 1462 2127 posterum
1482 2073 1698 2126 unquam
1717 2072 1801 2103 au-

487 2130 631 2181 deant
654 2134 918 2199 impetrare
939 2164 950 2176 .

1626 2411 1813 2467 CAP.
