2043 2958
434 293 760 375 ipsumque
788 292 1153 356 Concilium
1180 296 1246 353 in
1259 289 1740 355 patriarchalem

437 379 732 444 Nostram
759 378 1220 442 Lateranensem
1241 377 1609 460 cogendum,
1626 378 1744 438 ibi-

435 487 556 547 que
580 466 923 527 solemniter
942 462 1394 534 celebrandurn,
1419 462 1743 531 edicimUS,

437 557 623 630 atque
670 549 999 613 statuimus
1028 594 1040 606 .
1104 549 1415 628 roirca
1463 548 1745 630 praefatos

434 656 649 695 omnes
672 679 688 703 ,
725 635 996 714 aliosque
1028 632 1451 713 quoscumque
1477 677 1492 701 ,
1532 631 1743 712 quide

435 722 562 801 jure
582 765 595 787 ‚
618 720 720 784 vel
738 715 1189 781 consuetudine
1212 716 1481 779 interesse
1502 716 1744 784 debent,

434 809 663 866 iterum
687 807 1045 885 requirimus
1062 846 1075 870 ‚
1102 807 1163 864 &
1186 823 1504 864 monemus
1522 848 1536 870 ,
1561 825 1628 883 ac
1653 801 1749 862 diss

432 887 633 952 stricste
659 891 1111 970 praecipientes,
1157 886 1560 957 mandamus,
1603 909 1749 966 qua-

438 992 616 1036 tenus
657 973 761 1034 die
804 972 1153 1054 supradidta
1198 978 1264 1034 in
1303 972 1705 1035 Concilium)
1733 1017 1748 1040 ,

434 1074 588 1119 tunc
627 1063 692 1118 in
732 1058 979 1139 p1·aesata
1027 1055 1258 1117 Nost-ra
1298 1057 1555 1116 Ecclesia
1599 1058 1750 1116 cele—

436 1141 787 1209 brandum,
833 1141 1199 1207 convenire,
1245 1160 1314 1199 ac
1351 1141 1746 1220 personaliter

437 1225 656 1293 eidem,
678 1223 973 1306 sacrisque
993 1225 1281 1286 omnibus
1302 1222 1744 1294 funestionibus,

438 1313 523 1373 ad
561 1310 810 1392 Synodi
853 1309 1045 1390 usque
1083 1308 1532 1371 conclusionem
1557 1355 1570 1377 ,
1633 1312 1744 1371 Pa-

437 1415 727 1478 trumque
752 1393 1161 1457 dimissionem
1182 1439 1198 1465 ,
1223 1393 1487 1457 interesse
1510 1413 1747 1458 teneanv

438 1498 571 1543 tur.
612 1483 868 1542 Interim
899 1482 1107 1543 Deum
1132 1485 1390 1546 iterum,
1431 1499 1615 1563 atque
1639 1486 1748 1542 ite-

440 1587 576 1626 rum
626 1567 950 1627 humiliter
987 1565 1371 1626 exorandum
1413 1583 1701 1646 optamus
1734 1612 1749 1636 ‚

439 1668 517 1712 ut
560 1651 682 1713 suae
731 1649 1029 1733 Spiritum
1073 1645 1398 1732 Sapientiae
1441 1651 1747 1713 mentibus

446 1734 663 1798 nostris
700 1733 1027 1798 infundere
1059 1734 1387 1832 dignetur,
1405 1751 1712 1815 quatenus
1733 1783 1747 1808 ‚

446 1843 520 1881 eo
546 1822 882 1903 inspirante
906 1864 920 1890 ,
957 1825 1326 1900 opportunis
1351 1818 1553 1881 modis
1577 1863 1591 1887 ,
1614 1843 1751 1900 quae

446 1904 605 1966 recia
643 1906 785 1967 sunt
827 1908 1082 1985 exequi,
1128 1911 1190 1965 ὅτ,
1235 1905 1410 1964 malis
1461 1906 1749 1967 omnibus

443 1989 695 2050 obviare
720 1988 1039 2069 poffimus.
1067 1989 1307 2051 Datum
1329 1988 1552 2050 Romae
1574 1989 1749 2070 apud

438 2072 495 2134 S.
518 2074 765 2136 Petrum
793 2074 897 2135 die
923 2092 1016 2155 24·
1040 2077 1266 2137 Martii
1295 2093 1466 2152 1725.
1492 2074 1749 2136 Pontifi-

452 2174 626 2220 catus
660 2157 876 2222 Nostri
906 2161 1101 2225 Anno
1125 2160 1361 2221 Piimo.

625 2263 701 2331 f.
717 2268 796 2331 A.
820 2267 1173 2352 Archieplst
1207 2267 1394 2352 Eplst.
1415 2269 1747 2334 Abellinen.

643 2355 755 2421 S
758 2376 841 2419 ac
868 2355 1449 2419 C0120.5ecremrjus.
1717 2440 1732 2477 I

1668 2442 1702 2480 T
1736 2461 1755 2468 ..
