2043 2958
543 224 857 277 Tmunus
913 222 1150 274 XXVI.
1441 244 1509 284 97

186 310 326 365 extra
346 295 956 365 existentibu5,peragatur.
979 295 1095 362 Ipfis
1117 299 1280 361 itaque
1298 293 1509 344 districte

183 372 499 434 praecipimus
514 405 530 426 ,
543 384 598 417 ut
616 369 797 418 Ritum
817 369 1024 419 omnino
1038 366 1231 415 servent
1251 366 1506 425 eumdem3

182 456 273 486 nec
294 458 510 506 unquam
530 443 844 487 committant
863 477 879 498 ,
902 441 1172 485 contrarius
1194 435 1320 487 ultra
1340 455 1510 504 proce-

182 508 263 556 dat
282 509 480 559 abuius:
516 511 933 577 quemadmodum
949 510 998 558 ὅ(
1020 508 1138 556 alter
1159 508 1403 565 ille,domi
1421 507 1511 556 sci-

183 578 303 629 licet
321 579 529 629 infantes
554 581 838 650 baptizandi
859 595 998 630 extra
1015 578 1340 628 neceffitatem
1357 616 1372 637 ,
1401 598 1509 647 quae

180 649 213 697 fi
237 670 456 723 unquam
475 657 667 706 eveniat
687 688 705 712 ,
739 659 834 707 erit
859 652 917 702 ab
939 650 1176 719 Episcopo
1192 651 1440 720 probanda
1461 686 1471 697 0

637 798 866 849 CAP.
940 796 1058 845 IV.

182 902 235 952 In
253 901 610 970 Confirmationis
628 902 664 950 S
666 918 912 953 aeramento
929 899 1227 950 ministrando
1236 900 1512 970 filicitistnc

287 973 485 1043 Epzstopi
503 996 513 1023 ε
537 978 743 1045 cauteque
755 973 1050 1046 provideant,
1067 989 1115 1020 uc
1134 972 1288 1038 aequalz'
1299 988 1412 1038 prae-

412 1051 648 1113 paratione
665 1078 681 1100 ‚
711 1065 760 1092 ac
790 1045 1032 1091 devotione
1052 1042 1285 1090 minift'rc-

586 1132 662 1164 tur
681 1150 698 1173 ,
727 1117 782 1164 ὑ
807 1113 1077 1183 fitscipiatztr
1094 1150 1104 1161 .

280 1220 446 1269 Olerti
465 1219 663 1269 tandem
681 1218 1037 1288 Episcoporum
1056 1238 1182 1268 curae
1203 1218 1508 1281 subjicimus,

329 1305 382 1340 ut
401 1326 419 1349 ,
448 1290 867 1359 quemadmodum
896 1290 1301 1341 Confirmationis
1349 1289 1514 1337 Sacra-

183 1378 411 1412 mentum
441 1380 617 1430 magna
637 1362 700 1410 est
727 1362 990 1430 baptizatis
1010 1364 1325 1411 venera-tione
1347 1376 1512 1408 tenen-

183 1435 305 1482 dum
324 1469 340 1491 ,
370 1438 540 1501 utpote
574 1437 689 1500 quia
707 1433 842 1480 illius
870 1436 1059 1480 virtute
1078 1467 1094 1488 ‚
1128 1432 1265 1480 Deus
1282 1434 1334 1478 in
1351 1431 1509 1479 Nobis

187 1504 381 1572 perficit
400 1539 417 1561 ,
436 1504 568 1569 quod
585 1502 837 1570 Baptismo
855 1507 1046 1570 operari
1065 1506 1219 1568 coepit
1237 1509 1250 1525 ³
1269 1536 1285 1558 ,
1320 1519 1408 1549 nec
1428 1501 1511 1549 alii

1640 1491 1660 1513 a

1580 1527 1762 1566 Catrclslfm.

186 1575 348 1643 ipsum
369 1611 385 1633 ,
413 1573 499 1622 nisi
525 1572 704 1622 summi
734 1572 989 1622 conferunt
1019 1573 1296 1621 Sacerdotes
1316 1574 1366 1630 ⁰3
1400 1577 1508 1620 ita„
1531 1579 1619 1617 Rom.
1650 1577 1685 1607 dc
1711 1577 1767 1609 Sa·

1530 1632 1626 1654 cram.
1650 1619 1766 1661 Confir-

185 1645 575 1694 incumbendum
607 1644 913 1713 summopere
933 1680 949 1703 ,
982 1661 1042 1692 ne
1075 1646 1257 1691 minori
1284 1641 1509 1691 devotio·
1529 1675 1711 1706 mat.§.21.

187 1735 248 1765 ne
272 1752 287 1773 ‚
319 1719 368 1766 &
389 1716 706 1764 tumultuarie
726 1752 743 1774 ,
772 1731 824 1764 ut
844 1715 1006 1764 assolet
1023 1751 1040 1772 ,
1070 1714 1148 1763 sed
1170 1751 1185 1772 ‚
1214 1732 1308 1780 qua
1337 1714 1475 1763 decet
1492 1752 1507 1772 ,

1635 1741 1657 1774 b

187 1790 539 1854 praeparatione
559 1822 576 1844 ,
611 1805 663 1834 ac
697 1790 968 1834 reverentia
1007 1786 1304 1833 ministretur
1339 1790 1506 1850 oeque,
1527 1792 1603 1821 Ου’·
1628 1788 1758 1828 Dehis,

186 1876 238 1924 ac
258 1856 544 1924 suscipiatur
559 1893 568 1903 .
585 1856 715 1905 Hinc
734 1856 820 1905 fibi
837 1875 1031 1923 quoque
1052 1854 1300 1904 consulant
1314 1848 1507 1921 Episco-

1527 1836 1569 1868 &
1598 1840 1659 1869 Can
1688 1842 1763 1869 Ma·

1527 1891 1596 1913 mss.
1612 1888 1655 1914 Dr
1675 1883 1759 1926 Cons-

183 1931 235 1995 pi
255 1928 331 1975 illi
352 1964 367 1986 ,
394 1933 479 1993 qui
499 1963 515 1985 ,
550 1925 715 1993 segnes
734 1930 785 1974 in
802 1928 897 1976 hoc
918 1925 1211 1976 conferendo
1228 1925 1506 1975 Sacramen-
1526 1927 1594 1971 dist·
1612 1939 1642 1970 5-

184 2013 236 2047 to
255 2035 270 2055 ‚
307 1998 585 2065 Baptizatos
604 2033 620 2054 ‚
651 2017 675 2045 a
709 1996 995 2064 septennio,
1025 1997 1237 2063 &supra
1275 1997 1502 2046 adversus

180 2069 425 2135 malignos
444 2067 640 2125 spiritus
662 2067 977 2118 collustantes
997 2106 1013 2128 ‚
1031 2067 1228 2136 speciali
1248 2066 1337 2116 hac
1357 2067 1504 2118 sancii

181 2139 394 2206 Spiritus
416 2140 640 2188 unctione
660 2139 974 2190 corroborare
988 2140 1501 2209 praetermittunt.Hoc

181 2214 349 2277 itaque
388 2215 649 2278 quotannis
682 2215 732 2259 in
750 2213 970 2262 Civitate
991 2233 1006 2273 3
1044 2216 1096 2261 in
1113 2210 1325 2262 Dioecesl
1346 2215 1464 2259 vero
1486 2248 1502 2269 ,

179 2295 402 2349 tempore
428 2282 601 2331 {altem
624 2281 909 2332 vifirationis
934 2321 946 2340 ‚
966 2283 1246 2332 solemniter
1263 2282 1502 2331 ministra-

180 2370 232 2403 re
249 2372 346 2403 non
363 2354 650 2424 negligant3
690 2353 876 2424 semper
896 2371 1057 2404 tamen
1077 2392 1092 2414 ‚
1112 2355 1270 2423 quoad
1287 2353 1393 2402 fieri
1413 2373 1500 2420 po-

968 2427 1017 2477 N
1359 2430 1471 2474 terit
1488 2461 1504 2483 ,
