2043 2958
438 252 532 282 202
908 233 1286 285 ΑΡΡΕΝΒῙΧ

988 349 1028 386 s.
1063 340 1104 383 V
1116 341 1133 380 1
1147 341 1165 380 1
1180 343 1209 381 1.

539 416 605 453 ‘De
622 414 756 452 ottavo
771 413 975 457 Relationis
990 418 1118 469 Capite
1131 446 1144 468 ,
1159 422 1207 459 ad
1217 421 1392 470 Populum
1402 418 1609 470 pertineam
1623 446 1634 458 .

439 508 483 546 In
497 509 569 547 hoc
585 508 722 558 Capite
737 514 1004 560 exponendum
1020 515 1093 554 erit

502 560 531 598 I.
589 560 764 610 Qiinam
785 565 857 602 fint
870 565 1003 616 Populi
1020 579 1144 606 mores
1158 596 1169 615 ‚
1188 567 1227 607 ὃς
1241 580 1289 607 an
1305 567 1344 607 in
1363 568 1503 618 pietate
1518 564 1693 623 profieiat
1705 595 1715 605 .

485 612 534 649 ΙΙ.
590 613 656 650 An
671 613 810 662 aliquis
833 616 1023 665 irrepserit
1037 619 1193 665 abusus,
1216 628 1282 658 aut
1300 632 1416 670 prava
1433 618 1605 669 quaedam
1620 630 1658 656 in
1677 631 1742 657 eo·

432 663 524 701 dem
549 663 731 703 inoluerit
756 667 1019 721 consuetudo,
1051 683 1131 722 quae
1155 673 1316 712 consilio
1343 671 1517 722 indigeat
1533 696 1545 718 ‚
1571 669 1610 710 ὃς
1635 669 1739 708 Sedis

432 716 663 765 Apostolicae
679 717 873 765 adjutorio
887 750 897 761 .
1367 729 1371 732 ”

1007 819 1047 853 s.
1084 812 1103 851 1
1117 806 1172 853 XI

641 887 709 924 §De
724 887 858 924 vltimo
872 888 1002 936 Capite
1013 913 1026 934 ,
1041 891 1088 925 ad
1099 890 1279 938 Postulata
1295 891 1506 938 pertz'ffente
1520 914 1529 925 .

534 975 692 1016 Ultimo
706 979 795 1018 loco
808 980 981 1030 Episcopi
999 1009 1011 1026 ,
1033 982 1322 1032 Archiepiscopi
1337 1010 1349 1028 ‚
1375 983 1592 1024 Primam,
1616 980 1745 1020 &Pa-

429 1025 606 1064 triarchae
635 1054 647 1073 ‚
679 1032 742 1078 qui
770 1031 919 1067 suarum
948 1032 1205 1067 Ecclefiarum
1233 1032 1458 1068 Relationes
1488 1031 1534 1067 ad
1561 1032 1743 1070 Sacram-2

431 1078 702 1118 transmittunt
718 1079 1080 1131 Congregatione‘m
1101 1107 1113 1125 ‚
1135 1080 1163 1118 fi
1178 1091 1256 1129 quae
1274 1080 1413 1119 habent
1429 1080 1625 1120 postulata
1650 1094 1743 1131 pro-

427 1129 603 1176 ponenda
632 1143 700 1180 pro
714 1132 865 1170 suarum
881 1130 1071 1180 regimine
1087 1131 1344 1169 Ecclefiarum
1361 1159 1372 1177 ,
1399 1145 1609 1182 proponere
1628 1145 1740 1183 pote-

427 1189 518 1218 runt
543 1193 630 1219 cum
657 1183 761 1221 clara
787 1183 878 1221 faeti
895 1211 906 1228 ‚
929 1185 967 1222 &
993 1183 1169 1220 omnium
1193 1183 1567 1222 circumstantiarum
1593 1186 1742 1233 expres-

425 1230 546 1272 fiones
568 1233 606 1271 &
620 1242 805 1283 quatenus
822 1235 1019 1273 postulata
1035 1234 1203 1283 spectent
1219 1233 1267 1272 ad
1288 1233 1449 1282 negocia
1466 1235 1630 1275 forensia
1644 1267 1654 1280 ,
1673 1250 1740 1277 ex-

427 1291 571 1329 ponant
585 1311 596 1329 ,
621 1297 669 1322 an
684 1297 728 1322 ea
744 1287 815 1323 fint
829 1285 974 1323 in-aliis
992 1284 1271 1323 Tribunalibus
1288 1285 1504 1324 introdusta
1520 1314 1530 1332 ‚
1547 1299 1595 1326 an
1614 1289 1737 1329 adsint

423 1332 530 1381 super
545 1334 681 1374 iisdem
693 1336 859 1385 aliorum
874 1334 1147 1374 Tribunalium
1162 1335 1372 1382 iententiae‚
1385 1346 1439 1382 ut,
1455 1339 1637 1377 omnibus
1653 1353 1740 1379 ma-

427 1384 512 1421 tur'e
536 1386 716 1433 pensatis,
733 1386 843 1435 poffit
855 1388 968 1425 Sacra
978 1377 1249 1437 congregatio
1271 1399 1486 1440 congruum
1501 1389 1736 1440 suppeditare

424 1435 613 1485 praeditstis
628 1438 832 1476 Postulatis
849 1438 1086 1488 responsum.
1352 1442 1364 1455 ⁶

531 1479 583 1526 Et
599 1491 675 1527 haec
690 1489 799 1535 sunt,
826 1502 904 1538 quae
921 1498 1138 1540 opportuna
1154 1490 1232 1529 visa
1252 1491 1407 1530 fuerunt
1423 1519 1436 1538 ,
1462 1503 1503 1532 ut
1528 1494 1566 1532 in
1583 1498 1654 1533 hac
1672 1496 1735 1534 In-

423 1537 631 1579 struetione
645 1541 863 1580 inserantur
879 1570 888 1579 .
918 1541 1036 1590 Qod
1065 1545 1091 1581 fi
1106 1544 1233 1592 aliqua
1247 1543 1414 1589 fuerint,
1430 1557 1518 1593 ,quie
1535 1544 1735 1596 Episcopi,

422 1591 717 1641 Archiepiscopi
731 1619 742 1637 ‚
756 1592 947 1631 Primates
964 1620 975 1637 ,
989 1595 1027 1632 &
1044 1595 1274 1633 Patriarchae
1297 1608 1365 1644 pro
1385 1597 1536 1634 suarum
1558 1597 1739 1648 indigen-
1760 1625 1765 1631 -

386 1652 391 1657 ·
422 1640 478 1680 tia
504 1642 783 1691 Ecclefiarum,
814 1652 931 1691 atque
943 1644 1166 1683 Dioecesum
1179 1672 1190 1689 ,
1204 1646 1382 1684 addenda
1399 1648 1705 1688 existimaverint
1721 1680 1733 1697 ,

424 1693 543 1732 sciant
561 1694 627 1731 fibi
649 1695 813 1734 liberum
828 1693 899 1734 effe
914 1694 1055 1734 addere
1066 1723 1078 1741 ‚
1092 1709 1171 1745 quae
1187 1696 1271 1746 ipfis
1283 1697 1459 1736 addenda
1472 1699 1707 1740 videbuntur
1721 1730 1734 1749 ‚

425 1745 464 1783 ὃ(
486 1745 536 1784 ad
560 1746 743 1783 notitiam
768 1748 889 1785 Sacrae
901 1746 1227 1796 congregationis
1256 1749 1405 1787 deferre
1419 1776 1430 1794 ,
1457 1763 1535 1799 quae
1548 1764 1592 1790 ex
1609 1755 1735 1792 chari-

427 1797 520 1836 tatis
537 1826 549 1845 ,
580 1798 618 1836 &
639 1798 785 1842 justitiae
809 1810 945 1837 norma
966 1798 1080 1847 perse
1094 1799 1295 1849 expediet,
1311 1801 1390 1849 'quae
1408 1802 1574 1850 poterit,
1591 1804 1629 1842 Sc
1645 1817 1733 1843 ma-

423 1850 507 1893 jora
534 1849 582 1888 ad
605 1849 804 1888 Summum
817 1849 1045 1889 Pontificem
1060 1850 1208 1890 deferet
1224 1878 1235 1897 ,
1261 1852 1323 1901 qui
1338 1852 1534 1891 Fratribus
1552 1854 1623 1892 suis
1640 1856 1733 1905 Epi-

426 1899 567 1950 scopis‚
584 1909 773 1949 quantum
787 1914 877 1942 cum
891 1902 1067 1943 Domino
1091 1904 1207 1950 licet,
1229 1903 1439 1954 gratificari
1467 1906 1614 1956 semper
1643 1919 1732 1948 exo-

425 1951 550 2000 ptabit
564 1982 574 1992 .

581 2048 647 2102 C.
671 2048 830 2104 Card.
855 2049 1051 2124 Origus
1071 2051 1383 2127 PraefeAEtuS.

475 2172 579 2212 Loco
594 2174 618 2223 †
633 2176 757 2229 Sigilli
770 2205 781 2216 .

1052 2287 1096 2324 P.
1110 2286 1284 2335 Archiep.
1300 2286 1457 2336 Theodcfi
1471 2289 1609 2326 Secret.

1627 2422 1733 2461 DE-
