2043 2958
571 215 630 241 m>
654 188 933 244 ConcintuM
954 193 1212 242 Romamn
1230 227 1240 239 .
1463 209 1553 252 175

255 269 389 306 borata
403 291 414 309 ‚
434 274 496 303 aut
522 266 616 304 alias
634 265 926 314 quomodolibet
946 265 1131 315 requisitis
1145 292 1156 309 ,
1183 267 1221 304 &
1235 262 1275 300 in
1289 259 1474 300 fimilibus
1490 273 1560 298 ne-

256 319 433 361 cesiariis,
449 320 690 362 examinatae,
703 315 907 356 verificatae
921 344 932 361 ‚
947 317 1208 363 acjustificatae
1226 326 1302 354 non
1318 314 1460 352 fuerint
1477 339 1489 357 ,
1513 312 1560 350 de

256 370 505 419 subreptionis
524 396 535 414 ‚
551 378 615 408 aut
630 367 820 408 nullitatis
833 396 844 414 ‚
864 370 923 406 seu
938 366 1194 407 invaliditatis
1207 364 1308 405 vitio
1320 394 1332 412 ‚
1349 365 1412 405 vel
1427 364 1559 401 inten-

257 421 373 461 tionis
390 421 534 459 Nostrae
546 448 558 467 ,
574 423 707 466 autjus
719 447 731 465 ‚
745 421 807 459 vel
826 418 998 458 intereffe
1015 420 1236 458 habentium
1255 416 1454 456 consensus
1469 443 1480 462 ,
1495 423 1559 454 aut

260 473 430 523 quolibet
453 473 554 517 alio,
577 471 984 522 quantumvismagno
999 499 1009 516 ,
1034 469 1269 510 substantiali
1286 496 1298 515 ,
1325 468 1561 517 inexcogita-

261 535 303 563 to
317 552 328 569 ‚
355 526 394 563 ὃς
411 524 721 572 inexcogitabili,
748 535 792 561 ac
808 523 1020 572 specificam
1036 551 1048 566 ‚
1075 521 1368 561 &individuam
1385 520 1559 558 menti00

263 588 350 614 nem
367 603 379 620 ,
404 583 468 613 aut
482 575 755 624 expressionem
772 576 1003 624 requirente,
1018 575 1181 618 defectu,
1196 574 1273 612 sive
1290 571 1409 611 etiam
1423 583 1471 608 ex
1487 583 1534 609 eo
1547 597 1559 616 ‚

261 627 363 675 quod
378 627 417 664 in
430 626 647 675 praemissls,
673 638 883 676 eorumque
906 627 1035 676 aliquo
1058 624 1344 669 solemnitates,
1367 621 1559 672 &quaevis

262 680 337 717 alia
360 678 407 716 de
418 680 501 724 jure
517 678 702 717 servanda
717 706 727 723 ,
753 680 791 717 &
804 678 1047 727 adimplenda
1062 705 1074 722 ‚
1095 678 1244 715 servata
1256 703 1268 722 ‚
1292 676 1331 715 8<
1346 674 1559 723 adimpleta

260 742 336 768 non
351 729 491 768 fuerint
505 755 517 774 ‚
533 739 598 767 aut
610 743 654 768 ex
670 740 912 779 quocumque
924 731 1001 768 alio
1014 729 1138 778 capite
1153 740 1174 766 a
1185 731 1266 774 jure
1281 754 1292 772 ,
1306 728 1447 764 statuto
1461 751 1473 770 ,
1496 725 1559 763 vel

259 778 534 820 consuetudine
559 781 686 826 aliqua
700 781 908 819 resultante
922 809 933 827 ‚
963 782 1022 818 seu
1037 781 1154 818 etiam
1169 777 1360 822 enormis,
1373 775 1560 814 enormis-

261 834 361 870 simae
372 858 385 876 ,
407 831 608 878 totalisque
634 831 790 867 laesionis
803 857 814 875 ,
835 840 898 870 aut
911 842 1153 880 quocumque
1169 830 1299 866 colore
1315 854 1326 870 ‚
1351 835 1531 876 praetextu
1545 852 1557 870 ,

261 883 408 921 ratione
423 908 434 926 ,
456 882 515 919 vel
532 880 642 918 causa
656 907 667 925 ,
679 880 796 918 etiam
811 880 850 919 in
864 893 1022 930 corpore
1036 881 1126 925 juris
1142 880 1281 924 clausa,
1299 877 1338 915 ὃ(
1354 886 1559 928 quantum-

262 935 321 972 vis
333 934 425 978 justa
442 959 454 977 ,
468 930 686 970 rationabili
701 959 714 976 ,
727 931 901 980 legitima
917 960 928 978 ‚
942 932 1102 978 juridica
1118 958 1130 976 ‚
1143 931 1201 980 pia
1217 958 1228 976 ,
1240 929 1477 980 privilegiata
1492 956 1504 974 ,
1518 928 1557 966 δέ

261 983 331 1023 tali
347 1011 358 1028 ,
383 995 462 1032 quae
489 983 536 1020 ad
548 981 727 1020 effectum
740 984 958 1022 validitatis
973 982 1243 1032 praemifforum
1259 980 1466 1020 necessario
1488 991 1556 1017 ex-

260 1034 462 1084 primenda
474 1033 575 1070 foret
590 1059 601 1077 ‚
627 1040 691 1070 aut
706 1034 809 1081 quod
832 1035 878 1071 de
892 1035 1093 1072 voluntate
1108 1032 1247 1071 Nostra
1258 1059 1272 1077 ,
1300 1033 1338 1071 &
1353 1031 1438 1069 aliis
1452 1031 1558 1079 supe-

260 1087 338 1125 rius
349 1082 524 1134 expreffis
540 1083 676 1122 nullibi
691 1094 882 1133 appareat,
896 1097 964 1123 nec
977 1085 1070 1123 alifis
1084 1084 1234 1133 probari
1249 1082 1398 1132 poffint,
1416 1082 1557 1127 notari,

259 1135 502 1187 impugnari,
527 1134 732 1173 invalidari
746 1163 758 1181 ‚
785 1137 984 1174 retractari
999 1163 1010 1180 ‚
1028 1134 1066 1173 in
1078 1138 1135 1180 jus
1147 1161 1157 1179 ,
1183 1136 1243 1172 vel
1259 1133 1558 1172 controverfiam

259 1186 457 1230 revocari,
484 1194 551 1223 aut
567 1185 614 1222 ad
629 1186 816 1224 terminos
833 1186 927 1232 juris
944 1185 1070 1224 reduci
1088 1213 1099 1230 ,
1125 1185 1187 1222 vel
1205 1185 1387 1223 adversus
1400 1184 1484 1221 illas
1502 1196 1560 1221 re-

258 1237 466 1277 stitutionis
480 1236 520 1273 in
537 1236 731 1286 integrum
743 1263 755 1282 ,
770 1238 992 1286 aperitionis
1004 1235 1082 1274 oris
1099 1262 1110 1281 ‚
1126 1233 1360 1274 reduc‘tionis
1373 1234 1422 1272 ad
1439 1235 1558 1279 viam,

261 1290 300 1327 δε
320 1287 506 1327 terminos
518 1287 611 1331 juris
624 1315 635 1332 ,
663 1296 728 1325 aut
742 1288 847 1326 aliud
861 1287 1129 1337 quodcumque
1148 1287 1237 1332 juris
1254 1314 1265 1332 ,
1287 1285 1449 1324 velfacsti
1464 1313 1476 1331 ,
1492 1295 1560 1323 aut

258 1339 387 1391 gratiae
401 1366 412 1384 ‚
440 1340 503 1376 vel
519 1339 668 1382 justitiae
690 1339 904 1378 remedium
920 1339 1144 1388 impetrari,
1171 1338 1228 1375 seu
1242 1337 1532 1387 quomodolibet
1546 1363 1559 1382 ‚

257 1391 377 1430 etiam
390 1397 499 1427 motu
513 1389 626 1428 fimili
640 1389 814 1428 concesso
828 1417 840 1435 ,
861 1392 923 1428 vel
940 1390 1150 1438 impetrato
1163 1416 1175 1433 ,
1202 1397 1268 1426 aut
1284 1396 1465 1426 emanato
1478 1387 1561 1433 uti,

258 1442 370 1481 sense
383 1442 514 1486 juvare
527 1440 566 1479 in
578 1440 721 1485 judicio
736 1467 748 1486 ‚
768 1442 827 1479 vel
845 1450 956 1479 extra
970 1439 1069 1490 posse
1084 1466 1096 1486 ,
1112 1451 1232 1488 neque
1248 1438 1342 1488 ipsas
1358 1439 1554 1488 praesentes

259 1494 323 1531 sub
335 1490 531 1541 quibusvis
549 1491 730 1529 similium
746 1519 757 1536 ‚
776 1494 839 1531 vel
853 1491 1091 1531 diffimilium
1104 1491 1318 1540 gratiarum
1336 1516 1347 1534 ,
1377 1489 1415 1527 ὃς
1431 1490 1559 1538 dispo-

260 1544 440 1582 sitionum
454 1542 766 1581 revocationibus
782 1570 794 1588 ‚
809 1541 1108 1592 suspensionibus
1120 1569 1132 1587 ‚
1148 1541 1460 1585 limitationibus,
1478 1553 1564 1578 mo-

259 1593 544 1633 dificationibus
561 1619 572 1637 ,
601 1594 921 1644 derogationibus
944 1621 956 1639 ‚
988 1593 1142 1643 aliisque
1172 1593 1377 1631 contrariis
1403 1592 1562 1639 disposi-

260 1645 426 1683 tionibus
438 1671 451 1689 ,
479 1643 602 1682 etiam
631 1656 695 1694 per
717 1644 800 1684 Nos
811 1672 824 1691 ‚
851 1646 890 1685 ὃς
915 1644 1150 1684 Succeffores
1177 1643 1335 1681 Nostros
1361 1643 1560 1682 Romanos

259 1694 479 1740 Pontifices,
493 1707 561 1744 pro
573 1704 747 1745 tempore
759 1695 975 1741 existentes,
990 1695 1029 1733 &
1042 1696 1181 1734 Sedem
1196 1695 1458 1744 Apostolicam
1474 1706 1566 1744 prae-

259 1747 402 1786 dietam
416 1774 428 1792 ‚
452 1748 571 1785 etiam
584 1755 693 1784 motu
705 1773 717 1790 ‚
740 1747 897 1786 scientia
914 1774 926 1792 ,
947 1748 984 1786 ὃς
1000 1746 1194 1796 potestatis
1207 1745 1442 1794 plenitudine
1455 1745 1563 1783 simi-

260 1798 360 1835 libus
374 1824 385 1842 ,
413 1796 531 1835 etiarn
561 1795 870 1836 consistorialiter
884 1825 897 1841 ‚
928 1807 975 1835 ex
1000 1796 1229 1846 quibuslibet
1257 1797 1376 1834 causis
1388 1823 1400 1840 ,
1435 1796 1474 1835 &
1498 1797 1563 1835 sub

261 1848 494 1898 quibuslibet
521 1848 727 1885 verborum
742 1848 940 1886 tenoribus
952 1874 962 1892 ‚
976 1850 1014 1887 &
1027 1847 1162 1885 formis
1176 1873 1187 1891 ‚
1204 1858 1248 1885 ac
1265 1859 1352 1885 cum
1367 1844 1562 1896 quibusvis

261 1899 460 1943 clausulis,
484 1899 523 1937 δε
551 1897 738 1942 decretis,
763 1899 911 1937 etiamsi
936 1899 974 1936 in
992 1898 1045 1936 eis
1068 1898 1116 1935 de
1129 1895 1272 1936 eisdem
1294 1898 1533 1947 praesentibus
1549 1923 1562 1942 ,

262 1961 472 1999 earumque
499 1957 584 1988 toto
608 1957 741 1986 tenore
756 1975 767 1994 ‚
791 1961 835 1988 ac
854 1949 943 1987 data
970 1949 1142 1998 specialis
1161 1949 1312 1986 mentio
1335 1948 1467 1994 fieret,
1496 1960 1565 1996 pro

261 2010 435 2050 tempore
461 2000 570 2039 fastis
583 2027 596 2045 ‚
623 1999 661 2037 ὅ(
692 1999 873 2039 concessis
893 2028 905 2044 ,
931 2012 976 2038 ac
1002 1999 1189 2038 faciendis
1206 2027 1218 2045 ,
1245 2001 1283 2038 &
1306 1999 1565 2038 concedendis

262 2051 562 2101 comprehendi,
586 2050 647 2089 sed
660 2060 858 2101 tamquam
881 2051 928 2091 ad
947 2054 1067 2096 majus
1081 2051 1249 2095 bonum,
1280 2050 1318 2088 &
1333 2051 1566 2089 Ecclesiasti-

262 2114 395 2141 carum
407 2103 654 2141 Personarum
669 2103 930 2151 praedictarum
946 2102 1128 2151 quietem,
1141 2113 1183 2140 ac
1198 2114 1330 2151 pacem
1347 2102 1566 2148 tendentes,

262 2154 428 2202 semper,
452 2151 663 2192 &omnino
675 2154 723 2191 ab
736 2152 813 2192 illis
827 2153 947 2202 excipi
963 2181 975 2199 ,
998 2154 1035 2192 ὅτ.
1047 2154 1195 2202 quoties
1211 2153 1283 2192 illae
1297 2154 1537 2192 emanabunt
1553 2182 1565 2202 ,

263 2205 379 2243 toties
406 2202 445 2242 in
472 2202 670 2253 pristinum
684 2230 696 2249 ‚
722 2205 760 2243 ὃς
773 2203 1047 2242 validissimum
1062 2231 1073 2250 ‚
1097 2215 1141 2243 ac
1158 2216 1246 2242 eum
1265 2231 1277 2249 ,
1303 2205 1341 2242 in
1361 2218 1436 2254 quo
1450 2214 1568 2245 antea

264 2255 552 2305 quomodolibet
567 2264 704 2301 erant,
727 2256 867 2293 statum
882 2255 1072 2293 restitutas
1088 2282 1098 2299 ,
1115 2256 1296 2304 repofitas
1312 2282 1323 2300 ,
1337 2257 1374 2295 ὃς
1390 2257 1562 2305 plenarie

263 2307 516 2357 reintegratas
531 2333 543 2353 ,
556 2318 599 2345 ac
614 2306 661 2344 de
677 2318 781 2345 novo
795 2307 912 2346 etiam
930 2306 995 2344 sub
1009 2317 1243 2357 quacumque
1257 2307 1456 2357 posteriori
1471 2307 1562 2347 data

1440 2369 1561 2406 quan-
