2043 2958
622 247 680 274 AD
700 226 1295 278 CONCILIUMROMANUM.
1517 252 1617 293 227

297 318 326 338 ‚,
357 292 543 352 Ecclefias
559 308 799 349 quocumque
815 299 933 338 modo
948 301 1130 340 obtinent
1141 328 1153 347 ‚
1175 301 1312 340 debere
1328 301 1461 341 diebus
1479 303 1621 344 saltem

295 370 324 390 ‚‚
352 344 568 387 Dominicis
584 376 596 393 ,
612 350 648 388 8<
665 350 781 390 Pestis
803 351 1036 391 solemnibus
1053 353 1196 402 plebes,
1216 354 1282 392 fibi
1297 353 1532 400 cornmifl'as,
1549 367 1619 406 pro

296 422 323 441 „
351 396 414 434 sua
428 425 439 443 ‚
454 399 491 437 ὃς
503 412 636 440 earum
652 402 870 451 capacitate
886 403 1034 453 pascere
1055 404 1282 444 salutaribus
1300 406 1428 446 verbis
1443 433 1455 452 ‚
1469 406 1619 447 docen-

295 473 323 493 ‚,
351 448 402 485 do
415 461 459 487 ea
477 477 489 496 ,
508 464 586 500 quae
601 453 742 492 Christi
756 453 887 492 fideles
903 455 952 492 ad
967 456 1129 495 salntem
1146 457 1238 495 scire
1254 466 1423 508 oportet,
1438 469 1482 496 ac
1499 460 1621 509 expli-

295 525 323 545 ‚,
352 500 476 538 cando
489 503 639 542 Divinae
655 505 748 554 legis
761 515 946 556 praecepta
959 533 970 550 ‚
986 508 1168 558 Fidcique
1183 508 1369 557 dogmata
1380 536 1392 554 ,
1415 510 1619 558 puerosque

295 577 321 596 ‚‚
349 553 515 598 ejusdem
529 554 635 595 Fidei
665 557 893 596 rudimentis
916 558 1152 604 imbuendo,
1179 559 1216 597 &-
1237 560 1346 599 brevi
1364 587 1375 605 ‚
1404 559 1618 610 facilique,

294 629 322 648 ,,
351 603 527 644 sermone
544 608 638 647 vitia
652 608 932 655 denuntiando,
949 622 1027 658 quae
1045 611 1240 649 declinare
1256 639 1267 657 ‚
1280 613 1318 651 ὃ(
1330 612 1511 658 virtutes,
1525 624 1617 662 quas

296 680 325 699 ,‚
361 656 492 694 sectari
519 669 699 709 oporteat
714 676 729 701 ‚·
758 661 1012 700 nihilominus
1038 664 1216 702 nonnulli
1232 663 1522 702 Parochialium
1536 665 1618 703 'Ec-

294 731 322 751 ‚‚
351 708 549 748 clefiarum
565 711 744 751 Restm-es
761 740 773 758 ,
806 715 883 751 haec
896 740 907 758 ‚
937 725 1014 762 quae
1028 714 1180 752 suarum
1197 717 1364 764 partium
1386 716 1485 754 adeo
1501 716 1585 754 sunt
1603 741 1616 760 ,

294 782 322 802 ‚‚
352 762 677 808 praetermittunt,
703 765 859 813 culpam
887 765 1102 809 hujusmodi
1127 767 1148 804 a
1176 766 1211 803 se
1239 767 1397 804 amoliri
1415 767 1616 808 nitentes,

292 834 318 853 ‚‚
349 812 429 867 vel,
443 821 625 859 praetextu
641 815 965 854 immemorabilis
980 844 990 861 ‚
1017 816 1080 854 sed
1096 816 1255 866 quidem
1273 830 1394 867 pravae
1408 819 1615 856 consuetu-

292 885 320 904 „
349 860 477 906 ditus,
504 864 566 899 vel
581 866 672 911 quia
698 867 774 902 haec
790 867 838 903 ab
855 867 941 912 ipsis
956 869 1118 914 praestari
1145 867 1290 905 necefl'e
1318 876 1396 907 non
1410 869 1613 913 videatur,

289 937 319 956 ,‚
346 911 566 961 suppetente
579 913 766 953 nimirum
782 916 892 964 copia
914 917 1080 955 aliorum
1105 917 1332 957 habentium
1367 920 1490 959 sacras
1506 919 1615 958 Con-

291 987 320 1006 „
348 963 480 1002 ciones
505 965 543 1002 in
559 966 644 1004 aliis
660 967 837 1004 Ecclefiis
853 994 864 1012 ‚
892 967 1065 1016 itemque
1080 969 1340 1009 imbuentium
1362 983 1498 1019 pueros
1511 971 1615 1019 My-

292 1038 320 1057 „
348 1013 470 1051 steriis
486 1016 619 1062 Fidei,
631 1018 693 1054 vel
709 1018 747 1055 in
761 1018 900 1054 scholis
917 1045 929 1062 ,
949 1020 1012 1056 vel
1031 1020 1070 1056 in
1085 1020 1266 1068 compitis
1281 1047 1291 1057 .
1321 1021 1381 1058 Ne
1398 1022 1526 1070 itaque
1550 1022 1614 1059 sub

291 1090 318 1108 ‚‚
346 1064 451 1102 inani
468 1066 624 1106 istarum
641 1094 652 1111 ‚
669 1068 909 1117 aliarumque
928 1068 1111 1107 similium
1126 1070 1416 1109 excusationum
1428 1081 1614 1120 praetextu

290 1141 318 1160 ‚‚
348 1124 457 1153 tanta
485 1117 708 1156 Christianae
735 1117 963 1169 Reipublicae
996 1121 1183 1167 pernicies
1215 1123 1378 1159 struatur
1403 1150 1414 1167 ‚
1443 1123 1612 1161 districte

290 1191 317 1210 ‚‚
347 1168 580 1216 praecipimus
594 1168 750 1218 fingulis
765 1170 1037 1219 Hispaniarum
1053 1171 1363 1221 Archiepiscopis
1380 1201 1391 1218 ‚
1408 1173 1447 1210 &
1461 1174 1613 1222 Episco-

290 1242 318 1261 ‚‚
347 1219 426 1266 pis,
456 1228 495 1256 ut
520 1232 683 1259 ommno
710 1220 878 1259 efficiant
895 1248 905 1265 ‚
926 1221 1027 1269 quod
1042 1233 1180 1261 omncs
1200 1223 1224 1259 ii
1241 1251 1252 1268 ‚
1280 1225 1342 1271 qui
1368 1225 1612 1264 animarum-1

290 1293 316 1313 ,‚
346 1280 478 1313 curam
494 1280 631 1318 gerunt
649 1298 662 1315 ,
679 1273 811 1310 munia
829 1272 1003 1320 praedicta
1019 1284 1083 1320 per
1099 1273 1237 1321 scipsos
1253 1301 1263 1317 ,
1281 1276 1370 1319 vel,
1393 1276 1418 1312 fi
1432 1277 1611 1326 legitime

288 1345 315 1364 ‚,
344 1318 520 1369 impediti
545 1322 688 1360 fuerint
706 1349 717 1367 ‚
744 1335 808 1371 per
823 1323 919 1360 alios
934 1321 1094 1361 idoneos
1123 1323 1330 1374 diligenter
1347 1335 1610 1376 exequantur.

290 1397 317 1415 ‚‚
348 1371 386 1408 Si
411 1374 503 1410 vero
518 1372 636 1422 aliqui
658 1372 839 1412 nonsatis
855 1373 1004 1412 habiles
1018 1374 1066 1412 ad
1083 1374 1148 1412 illa
1164 1376 1340 1414 obeunda
1355 1378 1610 1426 repe1·iantur‚·

291 1449 318 1468 ‚‚
346 1421 465 1461 iidem
481 1424 770 1475 Archiepiscopi
785 1451 796 1469 ‚
811 1425 849 1463 &⁷
865 1422 1040 1474 Episcopi
1054 1437 1119 1473 per
1132 1425 1230 1464 alios
1244 1452 1256 1470 ,
1269 1428 1290 1464 a
1307 1427 1341 1465 se
1354 1428 1610 1477 deputandos,

287 1500 314 1519 „
345 1474 557 1523 sumptibus
572 1476 835 1516 Parochorum
867 1476 999 1513 minsis
1028 1476 1256 1515 idoneorum
1284 1480 1496 1528 opportune
1524 1481 1610 1529 sup-

286 1552 312 1569 „
341 1526 438 1573 pleri
469 1535 629 1565 curent:
665 1525 758 1566 &in
777 1529 966 1575 posterum
981 1526 1197 1573 Beneficia,
1223 1529 1358 1577 quibus
1384 1532 1605 1570 animarum

288 1603 315 1621 ‚‚
343 1588 433 1614 cura
449 1578 651 1621 imminet,
675 1579 825 1617 nonnisi
853 1580 944 1617 vere
972 1578 1120 1617 idoneis
1137 1579 1185 1617 ad
1202 1591 1422 1619 memorata
1437 1582 1579 1621 Officia
1594 1610 1605 1628 ‚

286 1653 313 1671 „
342 1629 454 1677 perse
469 1630 565 1678 ipsos
580 1628 846 1679 adimplenda,
861 1629 1108 1669 conferantur
1122 1657 1133 1668 .

339 1692 384 1716 ιο
443 1708 470 1725 ,,
499 1681 684 1719 Praeterea
696 1708 708 1726 ‚
738 1693 785 1719 ne
812 1680 1114 1720 constitutionis
1150 1681 1279 1721 Sanffi
1307 1683 1364 1721 Pii
1382 1684 1433 1722 V.
1461 1684 1606 1723 etiam-2

285 1756 312 1775 ,‚
343 1730 626 1770 Praedecess'oris
652 1732 781 1769 Nostri
797 1759 808 1776 ‚
835 1737 872 1769 in
900 1744 974 1779 qua
1001 1740 1156 1770 taxatur
1184 1745 1356 1781 congrua
1383 1734 1604 1774 fructuum„

286 1808 313 1827 „
343 1782 496 1829 portio,
526 1781 691 1822 Vicariis
708 1782 896 1831 perpetuis
922 1783 1141 1822 animarum
1167 1795 1302 1823 curam
1336 1787 1604 1824 exercentibus

287 1860 313 1878 ‚‚
342 1833 575 1882 affignanda‚
590 1834 960 1881 interpretationem
977 1834 1025 1871 ab
1040 1836 1118 1878 ejus
1132 1835 1323 1873 sententia
1338 1836 1503 1873 alienam
1520 1836 1602 1875 fieri

288 1911 314 1929 ,‚
344 1893 543 1933 contingat
557 1912 568 1929 ‚
596 1885 836 1923 declaramus
849 1912 859 1929 ,
883 1883 1211 1924 Constitutionem
1241 1885 1349 1924 illam
1384 1887 1603 1935 pertinere„

288 1962 314 1980 „
343 1935 546 1974 dumtaxat
570 1936 617 1974 ad
632 1934 811 1974 Vicarios
839 1944 1040 1984 perpetuos
1067 1937 1227 1974 illarum
1252 1937 1505 1976 Ecclesiam-um
1534 1939 1605 1976 Pa-

287 2013 314 2031 „
344 1988 570 2025 rochialium
588 2015 598 2026 ,
613 2000 691 2036 quae
705 1987 792 2027 aliis
806 1988 979 2025 Ecclefiis
994 2014 1007 2033 ,
1019 1988 1264 2027 Monasteriis
1276 2016 1286 2033 ‚
1301 1988 1487 2038 Collegiis
1503 2016 1514 2033 ‚
1530 1990 1600 2027 Be-

287 2041 313 2083 ,',
344 2039 504 2083 neficiis,
523 2041 561 2077 bc
574 2040 685 2078 Locis
702 2039 772 2087 piis
789 2039 901 2076 unitae
915 2040 1000 2077 fint:
1018 2051 1184 2082 necnon,
1201 2041 1417 2087 portionem
1434 2044 1601 2078 annuam

285 2117 312 2135 ,,
340 2090 529 2129 fructuum
545 2118 554 2135 ,
579 2104 658 2140 quae
676 2091 818 2129 ibidem
833 2092 1011 2130 statuitur
1025 2090 1247 2141 assignanda
1263 2091 1346 2140 ipsis
1366 2090 1534 2129 Vicariis
1560 2093 1600 2129 in

285 2167 312 2187 ‚‚
341 2142 488 2180 summa
503 2155 578 2181 non
594 2143 729 2188 majori
746 2169 757 2186 ‚
771 2143 884 2191 quam
903 2151 1058 2180 centum
1076 2169 1087 2187 ,
1105 2154 1174 2180 nec
1188 2142 1344 2188 minori,
1360 2143 1474 2191 quam
1490 2144 1600 2191 quin-

285 2218 313 2238 ‚‚
342 2196 523 2246 quaginta
540 2195 728 2233 scutorum
746 2221 757 2239 ‚
781 2194 948 2243 intelligi
962 2193 1102 2232 debere
1126 2193 1173 2231 de
1188 2194 1300 2232 scutis
1315 2194 1509 2245 argenteis
1536 2196 1599 2239 ju·-

285 2269 313 2289 ,,
341 2246 482 2284 liorum
499 2246 632 2284 decem
649 2253 812 2284 monetae
827 2245 1007 2283 Romanae
1023 2258 1092 2296 pro
1109 2245 1287 2294 quolibet
1302 2246 1408 2285 scuto
1422 2274 1431 2283 .

342 2311 356 2335 1
369 2311 383 2335 1
441 2325 468 2343 ‚,
497 2298 663 2346 Quoties
675 2298 803 2347 itaque
821 2297 857 2335 in
873 2295 961 2336 aliis
978 2297 1269 2337 Parochialibus
1288 2297 1464 2337 Ecclcfiis
1477 2325 1488 2343 ,
1503 2309 1596 2346 quae,

290 2370 316 2392 2,
344 2359 385 2389 ut
398 2350 591 2400 pra-fertur
603 2377 615 2395 ‚
631 2347 744 2389 unitae
761 2361 839 2389 non
855 2350 930 2389 fint
945 2375 958 2395 ‚
973 2350 1184 2441 opcpnperit
1202 2362 1246 2389 ex
1261 2350 1386 2400 aliqua
1397 2350 1491 2394 iusta
1506 2360 1598 2435 caisl-

1118 2416 1137 2439 2
1570 2409 1592 2437 a
1629 2416 1632 2418 v
