2043 2958
639 249 702 277 An
723 229 1010 280 Concmum
1030 224 1290 278 ROMANUM
1307 246 1320 270 .‘
1536 234 1629 280 253

320 301 360 339 ὃς
383 301 569 351 potestate
595 300 803 351 fungentes
817 329 828 347 ,
860 302 895 341 ὃς
912 301 1112 340 fune'turos
1123 326 1135 345 ,
1161 296 1308 335 sublata
1323 290 1377 349 eis
1391 318 1402 337 ‚
1430 291 1468 330 &
1497 299 1564 326 e01'
1569 300 1634 344 [ΙΨ
1663 317 1812 349 Clausala
1850 314 1921 348 sub-

318 352 479 392 cuilibet
492 354 627 403 quavis
641 355 755 393 aliter
766 353 967 400 judicandi
985 380 997 398 ‚
1013 346 1349 399 &interpretandi
1370 343 1555 398 facultate
1570 367 1582 386 ,
1597 346 1635 378 ἃ.
1664 361 1729 392 lata
1743 382 1751 390 ο
1824 338 1835 355 '

320 406 568 452 auetoritate,
580 405 741 452 judicari
757 435 768 453 ,
782 419 826 446 ac
842 406 996 446 definiri
1011 404 1150 442 debere
1166 429 1178 448 ‚
1190 413 1235 439 ac
1249 400 1429 454 irritum)
1443 396 1481 437 ἃ
1496 403 1610 433 mane
1622 419 1635 437 ,

318 459 346 496 si
373 458 477 497 secus
489 459 595 508 super
611 459 668 497 his
684 461 705 499 ὲ
719 472 913 510 quoquam
930 486 941 505 ,
957 457 1089 508 quavis
1103 456 1346 495 auctoritate,
1364 450 1556 503 scienter,
1570 445 1633 484 vel

321 510 546 560 ignoranter
573 513 781 562 contigerit
807 512 1017 550 attentari.
1047 509 1139 546 Non
1154 504 1392 545 obstantibus
1414 496 1607 557 praemissis
1619 523 1632 542 ‚

319 575 363 600 ac
378 571 567 611 quatenus
583 575 678 613 opus
697 565 741 602 sit
757 592 768 610 ‚
787 563 1104 614 Metropolitanae
1119 561 1400 599 Beneventanae
1417 583 1429 601 ‚
1446 554 1631 608 aliarum-

319 627 393 663 que
418 615 677 655 Ecclefiarum
696 645 708 663 ‚
738 615 1068 655 Mouasteriorum
1093 641 1106 659 ‚
1133 614 1355 652 Domorum
1371 636 1382 655 ,
1412 606 1605 647 Ordmum
1619 629 1632 648 ν

321 667 591 706 institutorum
605 695 617 714 ,
643 668 681 707 8<
708 670 949 707 Societatum
964 696 976 714 ‚
1003 666 1125 707 etiam
1139 665 1222 713 Jesu
1239 692 1250 710 ‚
1268 660 1539 712 Collegiorum
1557 682 1569 701 9
1593 653 1632 691 ὅ(

321 718 557 758 Militarium
572 748 585 767 ,
616 719 739 760 etiam
753 721 787 758 S.
798 721 960 768 joannis
978 714 1333 766 Hierosolymitani
1351 741 1362 760 ‚
1393 718 1634 750 ceterorum-

321 782 394 820 que
411 771 604 810 Locorum
621 774 773 822 piorum
797 772 1067 822 praedicftorum
1082 798 1096 817 ‚
1116 781 1267 809 necnon
1293 764 1478 806 Civitatis
1489 760 1632 798 Nostrae

321 822 602 862 Beneventanae
617 852 628 868 ,
646 825 820 873 illiusque
834 824 1027 862 districtus
1039 851 1050 868 ‚
1062 821 1304 872 Oppidorum
1317 846 1328 864 ‚
1343 818 1536 856 Locorum
1550 837 1562 855 2
1594 808 1633 845 δί

323 873 541 912 Terrarum
554 901 565 917 ‚
582 875 704 912 etiam
719 877 941 918 juramento
961 900 974 918 ,
989 873 1290 910 confirmatione
1308 868 1557 922 Apostoli-car,
1571 858 1635 899 vel

320 924 455 973 quavis
470 924 658 963 firmitate
672 925 748 963 alia
764 923 960 964 roboratis
977 951 989 970 ‚
1019 924 1171 962 statutis
1186 950 1197 968 ‚
1222 922 1261 961 ὃς
1274 917 1614 972 consuetudinibus
1625 938 1636 956 ²

323 975 592 1014 stabilimentis
609 1003 621 1021 ‚
638 978 762 1014 UfibuS
773 1003 784 1020 ,
800 976 1002 1014 &naturis
1021 1003 1031 1020 ,
1045 987 1088 1013 ac
1104 975 1267 1025 legibus,
1283 973 1404 1011 etiam
1419 966 1638 1020 Imperiali-

321 1027 391 1065 bus
403 1053 414 1071 ,
430 1028 468 1065 δεῖ
481 1028 779 1077 municipalibus
791 1055 802 1072 ,
822 1024 1036 1076 privilegiis
1049 1038 1201 1075 quoque
1216 1052 1228 1070 ‚
1258 1024 1418 1072 indultis
1436 1050 1448 1068 ,
1461 1023 1500 1061 ὃ(
1513 1020 1637 1057 literis

320 1077 576 1127 aspostolicis,
589 1077 650 1124 iis,
666 1079 704 1117 ὅ(
719 1091 855 1118 eorum
869 1075 1027 1115 cuilibet
1041 1077 1106 1114 sub
1121 1076 1418 1126 quibuscumque
1429 1072 1636 1112 verborum

321 1130 543 1176 tenoribus,
563 1130 748 1170 &formis
768 1158 779 1175 ‚
809 1142 853 1168 ac
868 1142 956 1167 cum
979 1126 1194 1178 quibusvis,
1221 1128 1342 1166 etiam
1367 1122 1638 1177 derogatoria-

323 1195 409 1220 rum
425 1182 681 1234 derogatoriis
693 1210 706 1228 ‚
719 1182 876 1230 aliissme
890 1178 1186 1226 efficacioribus,
1198 1177 1467 1218 efficacissimis
1482 1205 1493 1223 ‚
1517 1188 1560 1215 ae
1578 1175 1638 1211 in-

321 1232 444 1272 solitis
460 1234 637 1272 clausulis
654 1262 667 1279 ‚
695 1232 1034 1281 mirantibusque,
1060 1232 1099 1269 &c
1126 1232 1210 1270 aliis
1229 1229 1394 1270 decretis
1412 1231 1448 1267 in
1466 1238 1608 1278 genere
1625 1252 1638 1270 2

322 1286 386 1324 vel
403 1286 441 1323 in
458 1286 580 1335 speeie
593 1313 604 1331 ‚
620 1288 658 1325 ὃς
673 1295 807 1329 motu,
836 1281 995 1322 scientia
1010 1311 1021 1329 ‚
1050 1283 1088 1320 δε
1104 1284 1302 1332 potestatis
1316 1281 1556 1331 plenitudiue
1573 1289 1639 1327 pa-

321 1337 426 1375 ribus
439 1364 451 1382 ,
489 1349 533 1375 ac
559 1337 871 1375 consistorialiter
883 1363 894 1380 ‚
920 1336 959 1374 Sc
983 1335 1080 1374 alias
1096 1334 1393 1385 quomodolibet
1421 1334 1463 1371 in
1482 1340 1639 1371 contra-

323 1390 426 1427 rium
445 1387 713 1439 praemifforum
730 1387 913 1429 concessis
927 1414 939 1432 ‚
967 1385 1208 1425 confirmatis
1224 1414 1236 1431 ‚
1254 1388 1293 1425 δέ
1310 1385 1449 1435 pluries
1472 1385 1641 1423 innova-

322 1442 371 1479 tis
385 1469 394 1478 .
426 1442 577 1489 Qubus
592 1441 788 1486 omnibus,
803 1442 841 1479 ὃ(
854 1438 1026 1488 singulis,
1038 1439 1188 1476 etiamsi
1202 1449 1271 1487 pro
1285 1449 1418 1475 eorum
1433 1435 1639 1475 sufficienti
1668 1448 1840 1477 Decretum
1865 1446 1922 1478 de-

321 1492 575 1541 derogatione
605 1493 653 1531 de
679 1493 756 1531 illis
770 1520 780 1538 ,
809 1503 1018 1540 eorumque
1047 1491 1142 1528 totis
1168 1489 1368 1527 tenoribus
1396 1515 1409 1534 ‚
1440 1487 1612 1538 specialis
1626 1516 1638 1534 ,
1666 1498 1784 1528 rogans
1796 1509 1804 1519 -

324 1543 499 1594 specifica
512 1572 524 1590 ‚
540 1543 700 1594 expressa
717 1572 729 1590 ‚
746 1542 995 1584 &individua
1012 1570 1024 1587 ‚
1038 1555 1082 1580 ac
1099 1542 1147 1580 de
1161 1542 1281 1579 verbo
1296 1540 1344 1579 ad
1360 1541 1539 1586 verbum,
1555 1552 1635 1579 non

323 1605 454 1635 autem
470 1609 535 1644 per
547 1597 730 1634 clausulas
744 1596 959 1645 generales,
975 1594 1079 1632 idem
1096 1595 1368 1643 imponantes,
1382 1593 1532 1629 mentio
1547 1619 1559 1637 ,
1574 1591 1636 1629 seu

322 1649 461 1697 quaevis
475 1646 551 1687 aIIa
566 1647 748 1698 exprcffio
763 1646 940 1685 habenda
956 1674 967 1691 ‚
990 1653 1056 1683 aut
1073 1644 1202 1695 aliqua
1218 1645 1293 1683 alia
1307 1644 1492 1693 exquifita
1507 1644 1636 1681 forma

325 1699 373 1738 ad
389 1701 463 1737 hoc
479 1700 666 1738 servanda
681 1699 781 1737 soret
797 1726 809 1744 ,
840 1706 996 1736 tenores
1012 1696 1254 1743 hujusmodi,
1279 1709 1323 1734 ac
1347 1698 1374 1734 fi
1389 1695 1437 1734 de
1453 1697 1573 1734 verbo
1588 1695 1637 1734 ad

323 1752 499 1797 verbum,
520 1751 616 1789 nihil
634 1752 781 1800 penitus
798 1748 950 1794 omiffo‚
964 1751 1002 1788 ὃς
1016 1749 1158 1794 forma,
1175 1749 1213 1785 in
1228 1746 1307 1785 illis
1323 1747 1468 1785 tradita
1480 1775 1492 1792 ‚
1510 1747 1638 1785 obser-

325 1811 429 1847 vata,
444 1801 774 1853 experimerentur
786 1829 797 1846 ‚
810 1805 849 1839 ὅ(
866 1801 1121 1838 insererentur
1134 1827 1145 1845 ‚
1167 1799 1407 1848 praesentibus
1419 1811 1488 1848 pro
1503 1799 1612 1848 plene
1625 1825 1636 1843 ‚

325 1857 364 1895 ὅτ.
377 1854 606 1893 sufficienter
623 1851 798 1903 expreffis
814 1880 827 1898 ‚
851 1853 890 1890 &
906 1852 1053 1890 insertis
1068 1852 1254 1890 habentes
1269 1877 1282 1896 ,
1307 1851 1383 1889 illis
1398 1851 1492 1888 alias
1513 1850 1552 1888 in
1568 1851 1632 1888 suo

325 1908 466 1945 robore
479 1906 734 1956 permansuris
746 1932 757 1950 ‚
777 1904 824 1942 ad
841 1901 1110 1953 praemifforum
1126 1903 1320 1947 effectum,
1336 1905 1406 1941 hac
1422 1901 1507 1941 vice
1521 1902 1637 1941 dum-

325 1967 432 1998 taxat
449 1956 664 2008 specialiter
679 1984 691 2002 ,
705 1958 743 1997 ὃ(
765 1956 936 2006 expresse
952 1955 1181 2005 derogamus
1194 1983 1205 2000 ‚
1229 1967 1274 1993 ac
1289 1955 1516 2004 derogatum
1532 1953 1634 1994 effe>

326 2011 509 2050 volumus
524 2009 753 2059 ,ceterisque
770 2008 973 2047 contrariis
988 2008 1286 2057 quibuscumque
1301 2036 1310 2045 .
1340 2008 1486 2046 Datum
1504 2006 1635 2044 Romae

326 2062 428 2111 apud
440 2063 621 2102 Sandtam
636 2061 809 2100 Mariam
826 2061 1019 2107 Majorem
1036 2059 1100 2097 sub
1117 2060 1264 2098 annulo
1277 2058 1478 2099 Piscatoris
1490 2058 1553 2099 die
1570 2071 1630 2105 29.

326 2115 415 2163 Juhi
433 2127 542 2164 1724.
573 2112 829 2155 Pontificatus
842 2110 973 2152 Nostri
1002 2123 1104 2150 anno
1116 2114 1242 2162 primo
1258 2139 1267 2150 .

780 2205 837 2265 F·
855 2208 1016 2267 Card.
1034 2207 1322 2266 OHVeriuS.

1518 2411 1643 2472 ser:
