2043 2958
602 245 659 272 An
687 225 972 275 Com-mum
992 227 1252 278 RoMANtJM
1272 265 1282 275 .
1508 249 1602 290 291

384 293 489 333 Cum
508 303 642 334 autem
657 323 668 341 ‚
707 297 801 335 sicut
817 298 1034 348 accepimus
1049 326 1061 344 ‚
1091 299 1308 338 Seminaria
1329 327 1342 345 ,
1373 301 1558 351 plerisque
1571 302 1608 339 in

280 343 487 389 locisideo
503 349 629 386 erecta
650 347 815 388 minime
844 361 884 389 re
900 352 1124 400 periantur,
1147 352 1211 389 vel
1236 352 1324 401 quia
1339 353 1512 403 Episcopi
1525 353 1609 392 Ta-

279 409 370 435 xam
393 397 584 437 conficere
608 400 859 448 detrectant,
893 415 940 440 ne
971 403 1080 441 illam
1107 403 1129 441 a
1159 401 1369 452 semetipfis
1395 406 1609 445 inchoare)

284 459 475 501 cogantur
490 478 502 495 ‚
532 452 590 489 vel
605 453 694 500 quia
708 452 902 492 Beneficia
919 454 1107 503 fimplicia
1123 481 1134 499 ‚
1161 466 1329 503 quorum
1342 456 1533 507 dispositio
1559 457 1608 495 ad

285 514 349 540 cos
376 503 494 541 libere
526 503 668 552 spectat
685 532 696 550 ,
721 514 954 544 occurrente
970 507 1124 544 illorum
1139 507 1346 545 vacatione
1363 535 1374 553 ‚
1392 509 1462 547 suis
1478 509 1608 547 Fami-

286 554 442 592 liaribus
459 581 470 600 ‚
487 553 619 594 aliisve
634 556 804 605 personis
819 556 886 596 fibi
906 558 1027 608 gratis
1041 585 1053 603 ‚
1067 557 1103 594 ἃ
1125 558 1222 595 bene
1241 556 1331 597 vifis
1346 561 1520 599 conferre
1539 573 1608 598 vo-

282 606 366 644 lunt
382 620 395 646 ,·
415 606 503 645 hinc
521 608 573 645 est
585 635 596 653 ‚
611 608 710 657 quod
727 608 823 655 Nos,
838 621 997 648 omnem
1015 610 1213 659 scopulum
1229 637 1241 656 ‚
1256 621 1301 649 ac
1319 611 1471 651 obicem
1487 612 1610 663 impe-

291 658 463 696 ditivum
476 657 568 697 boni
585 659 804 709 spiritualis,
822 662 870 700 ab
887 662 1074 708 ejusmodi
1094 661 1399 703 Seminariorum
1415 664 1609 703 erectione

287 711 568 758 provenientis,
588 712 607 749 e
622 713 755 751 medio
772 713 923 764 prorsus
939 716 1077 753 tollere
1098 741 1109 759 ,
1123 725 1166 752 ac
1182 725 1382 754 removere
1399 715 1609 755 intenden-

286 769 343 800 tes
361 790 371 807 ‚
399 763 516 801 Motu
534 791 545 808 ‚
558 763 715 804 scientia
733 793 743 811 ‚
772 778 816 805 ac
835 768 1031 816 potestatis
1045 765 1286 816 plenitudine
1303 769 1481 817 paribus,
1501 768 1611 806 Con-

285 816 560 865 gregationem
577 844 588 860 ‚
603 816 912 856 Seminariorum
930 817 1228 867 nuncupandam
1243 845 1253 863 ,
1278 819 1316 857 in
1341 831 1414 868 qua
1438 820 1610 858 Venera-

285 866 382 903 biles
396 865 549 903 Fratres
565 867 694 907 Nostri
728 869 764 905 S.
783 870 826 906 R.
847 871 889 906 E.
905 870 1136 907 Cardinales
1149 895 1161 912 ‚
1175 868 1486 920 Congregationi
1504 870 1610 919 super

287 917 454 967 negotiis
471 948 482 963 ‚
511 919 550 957 δε
569 919 918 957 consultationibus
945 920 1217 970 Episcoporum
1233 948 1244 965 ‚
1276 921 1314 959 ὅ(
1338 921 1582 971 Regularium
1597 948 1610 966 ,

287 980 440 1007 necnon
456 969 765 1020 Congregationi
790 971 1051 1019 Interpretum
1078 970 1245 1009 concilii
1261 971 1487 1011 Tridentini
1513 973 1610 1011 Prae-

287 1021 377 1058 fecfti
392 1047 404 1066 ‚
420 1020 613 1070 utriusque
630 1022 955 1073 Congregationis
974 1022 1177 1060 Secretarii
1195 1047 1206 1065 ,
1221 1024 1418 1069 Datamis,
1434 1024 1495 1063 seu
1511 1024 1608 1062 Pro-

289 1072 476 1118 datarius,
494 1084 538 1110 ac
550 1072 799 1112 Subdatarius
815 1101 826 1118 ,
843 1085 943 1112 nunc
960 1101 970 1118 ,
985 1074 1022 1113 δε
1040 1084 1107 1121 pro
1125 1081 1302 1124 tempore
1319 1076 1522 1115 existentes
1535 1076 1607 1113 effe

288 1124 459 1163 debeant
472 1151 483 1169 ‚
513 1132 648 1164 tenore
677 1125 914 1175 praesentium
939 1125 1122 1174 perpetuo
1145 1126 1328 1175 erigimus
1346 1155 1357 1173 ‚
1387 1128 1608 1166 acinstitui-

286 1188 374 1214 mus
391 1203 401 1219 ‚
425 1175 670 1225 ejusdemque
686 1176 1013 1228 Congregationis
1043 1177 1302 1217 Secretarium
1329 1180 1439 1218 illum
1459 1179 1578 1228 ipium
1593 1205 1606 1224 ,

288 1229 352 1275 qui
368 1228 697 1279 Congregationis
711 1230 882 1269 Concilii
903 1227 1073 1279 praedicffi
1090 1228 1324 1269 Secretarius
1351 1243 1419 1281 pro
1432 1239 1607 1280 tempore

284 1279 401 1318 fuerit
416 1306 426 1324 ‚
444 1281 715 1319 constituimus
728 1308 739 1326 ,
757 1293 801 1318 ac
818 1281 1046 1331 deputamus
1060 1294 1083 1331 ,j
1103 1280 1362 1332 praedictaeque
1380 1283 1609 1331 Congrega-

286 1332 386 1369 tioni
401 1358 413 1376 ‚
441 1343 486 1369 ac
502 1332 604 1369 illius
618 1332 834 1372 Secretario
849 1331 1026 1371 omnium
1041 1357 1053 1376 ,
1068 1339 1104 1367 ’.κ’
1121 1331 1359 1383 fingulorum
1373 1334 1608 1372 Seminario-

286 1395 370 1421 rum
390 1385 430 1420 in
446 1382 542 1422 locis
556 1410 567 1428 ,
582 1386 646 1422 ubi
663 1385 786 1422 adhuc
804 1387 931 1422 erecta
946 1395 1023 1422 non
1040 1383 1124 1419 sunt
1139 1408 1150 1426 ‚
1169 1385 1446 1436 erigendorum
1460 1414 1470 1431 ‚
1489 1387 1523 1423 δι’
1542 1383 1607 1423 ubi

285 1437 412 1473 erecta
431 1435 585 1482 quidem
607 1437 689 1473 sunt
707 1463 719 1481 ,
744 1435 805 1473 sed
819 1434 1052 1473 sufficientes
1079 1444 1157 1470 non
1176 1435 1319 1474 habent
1335 1437 1506 1476 redditus
1521 1465 1532 1482 ‚
1561 1437 1606 1474 iis

284 1499 353 1536 pro
378 1487 496 1524 modo
528 1485 779 1537 indigentiae,
804 1495 848 1525 ut
875 1486 1068 1535 praefertur
1084 1511 1096 1530 ‚
1127 1488 1391 1535 augendorum
1408 1490 1606 1527 omnimo-

284 1538 376 1577 dam
390 1550 525 1578 curam
538 1538 827 1578 committimus
846 1565 858 1584 ,
876 1550 919 1576 ac
938 1535 1220 1577 demandamus
1235 1555 1249 1580 5
1267 1552 1418 1579 necnon
1439 1541 1605 1587 ejusdem

289 1589 618 1642 Congregationis
633 1591 843 1640 Deputatis
872 1590 1060 1640 praedietis
1085 1589 1202 1628 semel
1217 1593 1375 1642 fingulis
1388 1594 1604 1638 mensibus,

284 1642 323 1681 &
350 1644 500 1692 quoties
518 1655 611 1692 opus
625 1643 740 1680 fuerit
754 1668 765 1686 ‚
795 1643 830 1681 se
846 1639 1110 1690 congregandi
1126 1667 1138 1685 ,
1159 1639 1355 1681 dictorum
1369 1646 1605 1684 Seminatio-

283 1706 369 1732 rum
387 1695 624 1733 erectionem
642 1693 898 1743 promovendi
914 1721 925 1739 ‚
939 1696 1021 1739 jam
1041 1694 1258 1749 erectorum
1275 1696 1415 1735 statum
1434 1725 1444 1741 ‚
1460 1698 1498 1737 ὃς
1511 1710 1605 1747 pro-

285 1754 427 1784 ventus
443 1746 741 1795 recognoscendi
762 1773 773 1790 ‚
786 1757 923 1783 eorum
937 1744 1225 1782 nccellitatibus
1243 1750 1455 1796 opportune
1469 1750 1606 1788 consu-

283 1797 388 1836 lendi
402 1825 414 1843 ,
430 1798 564 1836 Taxas
581 1797 817 1846 approbandi
833 1824 846 1842 ‚
860 1793 1121 1841 reformandi,
1135 1795 1175 1834 &
1187 1798 1351 1849 augendi
1367 1828 1379 1845 ‚
1397 1812 1604 1839 numerum

285 1850 551 1888 Alumnorum
578 1847 617 1888 in
643 1847 800 1897 fingulis
827 1846 1054 1887 Seminariis
1071 1848 1260 1893 taxandi,
1292 1851 1330 1888 δὲ
1351 1852 1571 1904 praefigendi
1590 1880 1603 1899 ,

285 1913 450 1950 eumque
482 1912 552 1950 pro
566 1900 683 1938 modo
696 1900 916 1939 reddituum
932 1897 1122 1949 augendi,
1144 1900 1183 1938 δε
1205 1901 1432 1950 minuendi,
1459 1906 1601 1943 statuta

287 1965 356 2001 pro
373 1954 479 1990 reno
494 1981 505 1998 ‚
534 1951 715 2000 felicique
739 1953 968 1992 corumdem
995 1949 1300 2008 Seminariorum
1319 1967 1508 2005 regimine
1523 1984 1534 2001 ‚
1561 1958 1601 1996 δε

287 2003 622 2044 administratione
649 2004 864 2049 condendi,
889 2014 1007 2054 eaque
1024 2002 1201 2056 mutandi
1219 2030 1229 2048 ,
1249 2008 1452 2053 variandi,
1479 2006 1601 2046 corri-

281 2057 397 2106 gendi
413 2085 424 2102 ‚
457 2069 501 2095 ac
517 2057 635 2096 toties
659 2057 809 2105 quoties
823 2058 899 2096 illis
912 2054 1092 2111 expedire
1109 2055 1327 2105 videbitur,
1354 2060 1403 2098 de
1424 2072 1526 2098 novo
1544 2060 1602 2098 fa-

284 2108 411 2147 ciendi
434 2137 445 2155 ‚
481 2116 725 2160 emergentes
753 2109 1035 2148 controversias
1064 2109 1269 2146 tummarie
1293 2138 1304 2156 ‚
1334 2112 1486 2160 solaque
1507 2112 1600 2150 fac‘ti

285 2159 455 2200 veritate
472 2162 638 2212 inspecta
654 2188 666 2206 ,
695 2161 953 2211 cognoscendi
976 2189 988 2207 ‚
1023 2157 1061 2196 &
1088 2157 1299 2200 definiendi
1326 2191 1336 2208 ,
1370 2165 1598 2203 VifitdtOsCS

288 2211 431 2259 etiam,
457 2215 522 2263 qui
538 2213 723 2260 ejusmodi
736 2214 950 2253 Seminaria
977 2211 1185 2261 diligenter
1209 2216 1436 2262 perlustrent
1452 2244 1463 2262 ‚
1486 2224 1524 2255 oc
1548 2227 1598 2254 an

287 2266 389 2304 recte
406 2293 417 2312 ,
447 2275 561 2316 atque
576 2265 741 2305 fideliter
754 2266 1093 2309 administrentur,
1108 2276 1151 2302 ac
1167 2266 1208 2302 in
1224 2266 1268 2305 iis
1283 2267 1518 2317 potissimum
1532 2280 1597 2306 re-

288 2319 384 2365 gulae
399 2347 410 2363 ,
424 2319 445 2357 ἐι
460 2318 696 2357 Tridentino
709 2317 887 2357 Concilio
902 2320 1132 2368 praescriptae,
1145 2316 1273 2357 sedulo
1287 2320 1595 2369 adimpleantur,

293 2367 493 2420 inspiciant
509 2398 521 2418 ‚
536 2371 574 2411 &
589 2370 878 2420 recognoscant,
896 2371 960 2410 ubi
973 2369 1156 2461 ‚guando
1171 2396 1184 2415 ,
1198 2371 1236 2410 ὃς
1253 2372 1404 2421 quotics
1415 2384 1508 2430 opus
1524 2370 1598 2461 ege

1044 2434 1067 2458 o
1097 2434 1116 2458 2
1494 2434 1533 2469 ju
1564 2434 1597 2460 ι-

1637 324 1731 354 Nova
1771 323 1918 355 Semina-

1638 365 1757 396 riorum
1770 368 1917 405 Congre-

1637 410 1728 447 gatio
1751 407 1782 438 in
1797 409 1916 443 Urba,

1637 449 1832 483 instituitur.

1634 1444 1787 1485 Qaenam
1812 1444 1844 1475 in
1859 1456 1913 1477 ea-

1632 1485 1705 1515 dem
1725 1489 1914 1528 Congrega-

1636 1529 1724 1560 tione
1771 1530 1914 1561 tradkan·

1631 1570 1672 1600 da
1694 1592 1706 1605 ,
1730 1571 1761 1601 <Sc
1787 1582 1912 1609 cogno-

1629 1611 1758 1649 scenda,
1772 1613 1823 1643 hic
1837 1624 1914 1654 prae-

1630 1654 1815 1686 scribuntur
1832 1678 1841 1686 .
