2043 2958
637 231 699 261 An
717 211 1005 263 Concnmm
1023 207 1285 261 ROMANUM
1305 240 1318 254 .
1534 215 1633 260 277

888 320 926 360 X
943 317 977 359 X
995 318 1049 360 V.

470 401 1486 476 CONSTITUTIO

430 529 913 574 SANCTISSIMI
953 530 1230 571 DOMINI
1265 521 1522 567 NOSTRI

320 628 985 712 BENEDiCTI
1028 624 1350 707 PAPAE
1385 618 1626 702 XIII.

320 773 429 838 Qa
446 772 540 820 san.
560 791 707 822 mem.
728 775 958 841 Gregorii
974 773 1119 839 Papae
1137 769 1278 820 XIV.
1299 767 1475 816 Literae
1495 763 1633 830 Apo-

393 843 572 889 stolicae
590 878 606 898 ,
626 860 755 892 certa
777 847 1078 907 excipientes
1099 841 1274 889 delicta
1287 874 1303 895 ,
1333 840 1383 887 &
1400 832 1530 882 casus
1549 868 1564 889 2
1582 835 1637 878 in

393 911 573 978 quibus
595 911 818 979 Inquifiti
838 912 975 959 Laici
1006 909 1324 959 Ecclefiasticfi
1343 903 1637 954 Immunita‘-

395 996 444 1029 te
464 981 673 1048 gaudere
697 1001 797 1030 non
816 980 995 1029 debent
1014 1015 1030 1036 ,
1059 979 1412 1027 confirmantur
1431 1010 1448 1031 ‚
1476 971 1638 1020 decla—

399 1067 570 1099 rantur
589 1087 604 1108 ,
639 1054 688 1101 ὅ(
709 1052 765 1099 ad
786 1051 875 1099 alia
896 1054 1044 1097 etiam
1064 1048 1235 1097 delifta
1255 1083 1271 1104 ,
1304 1047 1353 1093 ὅτ.
1383 1042 1516 1092 casus
1547 1060 1635 1089 ex-

397 1122 666 1171 tenduntur
695 1159 710 1180 ‚
749 1141 801 1170 ac
835 1120 1131 1188 ampliantur
1162 1138 1174 1166 τ
1224 1117 1426 1166 Necnon
1465 1113 1634 1162 Curiis

391 1191 734 1240 Ecclefiasticis
761 1192 916 1240 forma
936 1226 952 1248 ,
981 1195 1033 1239 in
1064 1188 1351 1239 eorumdem
1375 1181 1636 1249 lnquifito-

394 1280 503 1309 rum
532 1263 835 1310 extrastione
868 1267 894 1310 ὲ
912 1261 1031 1309 locis
1053 1257 1357 1309 immunibus
1377 1254 1636 1304 observan-

394 1331 451 1379 da
469 1368 484 1389 ,
504 1331 834 1399 praescribitur
855 1367 871 1388 ,
890 1350 1003 1379 cum
1023 1330 1128 1379 aliis
1149 1323 1538 1380 ordinationibus
1556 1358 1573 1381 ,
1587 1326 1637 1374 ὃς

394 1401 623 1450 clausulis
642 1438 658 1461 ,
686 1422 738 1450 ac
756 1400 1154 1468 derogationibus
1175 1399 1463 1466 opportunis
1480 1431 1492 1442 .
1532 1418 1576 1466 p.
1602 1415 1688 1441 seo.

599 1519 674 1557 Cit.
701 1520 776 1557 Tit.
792 1521 991 1558 XXVIII.
1017 1519 1105 1568 Cap.
1124 1521 1156 1557 I.
1176 1527 1259 1567 pag.
1284 1530 1368 1554 100.

345 1622 1613 1717 BENEDICTUS

531 1768 584 1826 E
640 1768 691 1825 P
743 1766 771 1823 Ι
825 1763 868 1824 S
925 1764 986 1826 C
1040 1765 1107 1828 O
1163 1767 1210 1825 P
1264 1762 1324 1823 U
1378 1759 1423 1821 S

458 1875 777 1929 SERVUS
829 1874 1311 1927 SERVORUM
1358 1872 1503 1922 DEI

605 1973 690 2022 Ad
714 1989 965 2040 perpetuam
984 1980 1052 2023 rei
1067 1977 1316 2024 memoriam
1336 2006 1347 2017 ·

441 2083 477 2124 X
495 2097 570 2131 quo
584 2111 594 2128 ‚
609 2085 741 2124 divina
755 2084 977 2135 disponente
994 2088 1202 2127 clementia
1220 2114 1229 2131 ,
1249 2085 1294 2123 ad
1313 2084 1526 2133 supremum
1544 2082 1632 2121 uni·
1661 2100 1718 2131 Ad
1743 2101 1810 2130 Tsf,
1836 2103 1882 2132 De

467 2138 560 2174 verfi
580 2136 789 2175 Christiani
808 2141 931 2188 populi
948 2141 1123 2186 regimen
1139 2138 1312 2187 assumpti
1329 2138 1469 2174 fuimus
1482 2165 1492 2180 ‚
1508 2136 1631 2173 confi-
1658 2144 1880 2176 humanitate.

465 2188 662 2232 des-ames,
678 2188 850 2226 debitum
871 2218 881 2234 ‚
894 2205 968 2240 quo
986 2186 1317 2238 obstringebamur
1331 2217 1343 2235 ‚
1358 2189 1427 2226 Ec<
1440 2189 1629 2233 lefiarum,

323 2240 589 2287 sacrorumque
607 2240 793 2278 [ocor-um
813 2240 1111 2282 Immunitatem
1128 2238 1267 2281 sartam
1286 2270 1297 2287 ‚
1315 2243 1457 2279 tec‘tam
1476 2269 1487 2286 ‚
1504 2237 1630 2277 invio-

321 2291 519 2348 latamque
541 2290 679 2340 ubique
697 2291 947 2340 custodiendi,
963 2295 1063 2333 inter
1076 2297 1276 2347 graviores
1292 2295 1446 2342 susceptu
1463 2292 1630 2340 Aposto-
1671 2303 1673 2305 ·

325 2342 389 2380 hel
404 2343 610 2382 Mmisteril
625 2346 890 2396 curasmerito
905 2348 1093 2387 recenseri
1112 2358 1121 2384 ε
1143 2347 1209 2387 diu
1221 2375 1233 2396 2
1247 2348 1490 2395 multumque
1506 2353 1559 2381 reu
1570 2339 1629 2379 io-
1656 2351 1802 2384 Praelufio
1815 2375 1826 2390 ‚
1841 2353 1927 2387 Pon-

1531 2406 1598 2434 nes
1613 2421 1628 2441 ‚
