2043 2958
456 258 513 288 10
802 238 1414 289 CONC1L11ROMAN1

449 308 774 359 tributionem
807 308 1215 359 Beneficiatorum
1249 310 1339 361 suae
1376 311 1616 362 Civitatis
1650 349 1666 370 ,
1715 315 1765 364 ὃς

447 380 718 439 Dioecefis',
753 380 835 431 vel
856 380 970 431 alias
994 418 1009 441 ,
1037 397 1182 449 prout
1212 383 1518 433 commodius
1550 384 1654 432 fieri
1676 403 1762 452 po-

449 457 564 502 terit
578 490 593 511 ,
610 454 668 502 de
688 454 913 522 Capituli
932 453 1130 503 confilio
1149 457 1215 502 ita
1235 455 1510 523 provideat,
1534 471 1584 503 ut
1604 459 1765 503 omni-

445 543 510 572 no
529 524 884 594 Theologalem
904 525 1058 596 ipsam
1076 529 1248 594 erigat,
1266 528 1314 578 ὃ(
1332 525 1473 578 sacrae
1496 529 1761 596 Scripturae

445 595 591 645 lestio
607 596 843 647 habeatur
866 634 876 646 .

891 740 939 791 C
975 740 1028 791 A
1065 741 1116 792 P.
1193 738 1337 790 VII.

557 845 639 895 Cui
653 881 670 904 ‚
698 847 753 896 &⁶
762 845 848 914 fitb
867 847 1024 914 quibus
1042 846 1243 895 oneribus
1260 881 1276 902 ,
1313 842 1550 894 Praebenda
1569 846 1660 911 ipsit

765 916 1048 987 Theologalis
1065 920 1135 988 fit
1156 916 1444 985 conferenda?

564 1021 750 1072 Rufius
785 1026 906 1071 vero
939 1022 1219 1084 hujusmodi
1234 1022 1565 1071 Canonicatus
1585 1056 1602 1078 ‚
1629 1017 1768 1070 onus-

585 1110 679 1159 que
712 1091 963 1141 addistum
996 1091 1156 1140 eidem
1175 1126 1192 1148 ‚
1230 1089 1371 1138 sacrae
1401 1089 1591 1138 scilicet
1613 1108 1769 1157 expo-

442 1160 1109 1228 nendae‚interpretandaeque
1128 1160 1410 1224 Scripturae,
1429 1161 1582 1208 donec
1600 1159 1765 1210 Theo-

440 1233 581 1301 logus
603 1231 781 1299 aliquis
808 1249 871 1280 ex
889 1229 1042 1280 Clero
1058 1229 1310 1288 saeculari,
1331 1233 1411 1278 cui
1433 1230 1765 1280 Canonicatus

442 1302 544 1371 ipse
565 1322 680 1352 cum
695 1302 958 1352 Praebenda
977 1302 1187 1352 conferri
1204 1316 1366 1370 queat,
1383 1301 1635 1359 habeatur,
1651 1301 1767 1369 Epi-

441 1373 574 1442 scopi
603 1375 659 1422 ad
679 1389 871 1442 tempus
892 1393 981 1442 pro
1002 1374 1208 1424 arbitrio
1228 1373 1489 1443 affignent,
1514 1373 1767 1441 delegent-

444 1463 539 1512 que
556 1451 927 1513 quamprimum
943 1449 1052 1493 viro
1074 1446 1158 1493 alii
1176 1445 1566 1503 eccleslastico‚in
1582 1445 1766 1493 divinis

444 1516 807 1574 erudito‚etiam
821 1515 1143 1582 Regulari‚de
1162 1515 1232 1564 sui
1251 1516 1453 1565 licentia
1469 1516 1758 1583 Superioris.

443 1586 630 1636 Provifi
663 1601 829 1635 autem
862 1585 921 1633 de
950 1585 1212 1634 Praebenda
1245 1587 1526 1647 hujusmodi
1550 1584 1768 1635 Theolo-

444 1657 542 1725 gali
561 1692 577 1714 ,
605 1671 706 1705 tam
722 1660 774 1705 in
791 1656 917 1705 alma
943 1654 1032 1703 hac
1052 1655 1195 1707 Urbe
1214 1656 1368 1705 nostra
1388 1691 1403 1713 ‚
1441 1660 1590 1723 quam
1609 1655 1728 1704 alibi
1748 1691 1765 1713 ,

446 1729 767 1797 quadraginta
787 1727 954 1777 saltem
970 1730 1229 1795 quotannis
1252 1727 1483 1776 lectiones
1498 1724 1699 1794 publice
1717 1730 1769 1774 in

444 1799 650 1849 Ecclefia
686 1798 862 1849 habere
883 1804 1137 1848 teneantur
1157 1817 1242 1867 per
1263 1797 1307 1847 se
1326 1797 1450 1867 ipsos
1471 1833 1486 1855 ‚
1521 1795 1588 1844 fin
1604 1801 1767 1845 minus

444 1890 531 1939 per
549 1871 748 1920 idoneos
771 1871 891 1919 alios
911 1905 927 1927 ,
956 1888 1075 1937 quos
1093 1869 1349 1939 Episcopi,
1382 1868 1463 1919 vel
1483 1885 1652 1917 eorum
1674 1868 1765 1917 Vi-

443 1946 582 1999 carii,
602 1961 715 1990 cum
732 1945 1025 2008 oportuerit,
1043 1941 1329 1990 substituent
1350 1961 1364 1999 3
1383 1943 1431 1991 ἃ
1450 1939 1764 2008 Theologum

443 2016 647 2061 interim
677 2012 981 2060 ordinarium
1014 2010 1072 2059 ad
1103 2010 1213 2060 satis
1252 2010 1335 2059 suo
1370 2013 1561 2060 muneri
1580 2009 1760 2060 facien-

443 2084 561 2131 dum
580 2119 596 2141 ,
624 2102 709 2151 per
723 2082 971 2131 fructuum
998 2080 1407 2141 subtractionem,
1443 2082 1761 2151 quemadmo-

444 2154 564 2212 dum
577 2158 629 2203 in
644 2157 891 2223 praecitata
910 2151 1064 2202 nostra
1077 2153 1440 2208 Constitutione
1459 2153 1522 2206 est
1541 2167 1757 2212 cautum,

444 2242 619 2296 cogant
636 2264 652 2288 ‚
673 2230 722 2281 &
740 2223 1037 2295 compellant
1056 2261 1068 2274 .

1584 2438 1762 2491 CAP.
