<?xml version="1.0" encoding="UTF-8"?>
<!DOCTYPE html PUBLIC "-//W3C//DTD XHTML 1.0 Transitional//EN"
    "http://www.w3.org/TR/xhtml1/DTD/xhtml1-transitional.dtd">
<html xmlns="http://www.w3.org/1999/xhtml" xml:lang="en" lang="en">
 <head>
  <title>
</title>
<meta http-equiv="Content-Type" content="text/html;charset=utf-8" />
  <meta name='ocr-system' content='tesseract 3.04.00' />
  <meta name='ocr-capabilities' content='ocr_page ocr_carea ocr_par ocr_line ocrx_word'/>
</head>
<body>
  <div class='ocr_page' id='page_1' title='image "./conciliumromanum00cath_0303.png"; bbox 0 0 2043 2958; ppageno 0'>
   <div class='ocr_carea' id='block_1_1' title="bbox 336 233 1650 361">
    <p class='ocr_par' dir='ltr' id='par_1_1' title="bbox 336 233 1650 361">
     <span class='ocr_line' id='line_1_1' title="bbox 654 233 1647 304; baseline 0.008 -22"><span class='ocrx_word' id='word_1_1' title='bbox 654 235 717 282; x_wconf 65' lang='lat' dir='ltr'>&#39;An</span> <span class='ocrx_word' id='word_1_2' title='bbox 739 233 1023 285; x_wconf 67' lang='lat' dir='ltr'>Concutum</span> <span class='ocrx_word' id='word_1_3' title='bbox 1041 235 1300 287; x_wconf 71' lang='lat' dir='ltr'>ROMANUM</span> <span class='ocrx_word' id='word_1_4' title='bbox 1319 271 1340 286; x_wconf 86' lang='lat'>.-</span> <span class='ocrx_word' id='word_1_5' title='bbox 1550 257 1647 304; x_wconf 82' lang='lat'>275</span> 
     </span>
     <span class='ocr_line' id='line_1_2' title="bbox 336 304 1650 361; baseline 0.006 -17"><span class='ocrx_word' id='word_1_6' title='bbox 336 304 406 344; x_wconf 85' lang='lat' dir='ltr'>bus</span> <span class='ocrx_word' id='word_1_7' title='bbox 422 329 435 350; x_wconf 88' lang='lat'><em>‚</em></span> <span class='ocrx_word' id='word_1_8' title='bbox 460 304 499 346; x_wconf 86' lang='lat'>&amp;</span> <span class='ocrx_word' id='word_1_9' title='bbox 514 304 691 355; x_wconf 83' lang='lat' dir='ltr'>singulis,</span> <span class='ocrx_word' id='word_1_10' title='bbox 711 305 761 345; x_wconf 90' lang='lat' dir='ltr'>ad</span> <span class='ocrx_word' id='word_1_11' title='bbox 786 318 880 357; x_wconf 85' lang='lat' dir='ltr'>quos</span> <span class='ocrx_word' id='word_1_12' title='bbox 897 308 1039 357; x_wconf 65' lang='lat' dir='ltr'>spectat</span> <span class='ocrx_word' id='word_1_13' title='bbox 1054 334 1067 353; x_wconf 92' lang='lat'>‚</span> <span class='ocrx_word' id='word_1_14' title='bbox 1093 309 1133 348; x_wconf 85' lang='lat'>&amp;</span> <span class='ocrx_word' id='word_1_15' title='bbox 1151 320 1219 358; x_wconf 87' lang='lat' dir='ltr'>pro</span> <span class='ocrx_word' id='word_1_16' title='bbox 1234 317 1411 359; x_wconf 86' lang='lat' dir='ltr'>tempore</span> <span class='ocrx_word' id='word_1_17' title='bbox 1441 308 1625 361; x_wconf 65' lang='lat' dir='ltr'>spectabit</span> <span class='ocrx_word' id='word_1_18' title='bbox 1638 340 1650 360; x_wconf 94' lang='lat'>,</span> 
     </span>
    </p>
   </div>
   <div class='ocr_carea' id='block_1_2' title="bbox 1683 312 1934 352">
    <p class='ocr_par' dir='ltr' id='par_1_2' title="bbox 1683 312 1934 352">
     <span class='ocr_line' id='line_1_3' title="bbox 1683 312 1934 352; baseline -0.004 -8"><span class='ocrx_word' id='word_1_19' title='bbox 1683 312 1852 344; x_wconf 74' lang='lat' dir='ltr'><strong>Decretum</strong></span> <span class='ocrx_word' id='word_1_20' title='bbox 1876 322 1934 352; x_wconf 80' lang='lat' dir='ltr'>pro</span> 
     </span>
    </p>
   </div>
   <div class='ocr_carea' id='block_1_3' title="bbox 334 354 1917 408">
    <p class='ocr_par' dir='ltr' id='par_1_3' title="bbox 334 354 1917 408">
     <span class='ocr_line' id='line_1_4' title="bbox 334 354 1917 408; baseline 0.007 -15"><span class='ocrx_word' id='word_1_21' title='bbox 334 356 633 408; x_wconf 89' lang='lat' dir='ltr'>quomodolibet</span> <span class='ocrx_word' id='word_1_22' title='bbox 650 358 689 398; x_wconf 92' lang='lat' dir='ltr'>in</span> <span class='ocrx_word' id='word_1_23' title='bbox 701 357 890 407; x_wconf 86' lang='lat' dir='ltr'>futurum,</span> <span class='ocrx_word' id='word_1_24' title='bbox 904 359 1205 407; x_wconf 87' lang='lat' dir='ltr'>inviolabililer,</span> <span class='ocrx_word' id='word_1_25' title='bbox 1221 362 1503 403; x_wconf 66' lang='lat' dir='ltr'>&amp;inconcusse</span> <span class='ocrx_word' id='word_1_26' title='bbox 1518 364 1649 403; x_wconf 83' lang='lat' dir='ltr'>obser·</span> <span class='ocrx_word' id='word_1_27' title='bbox 1677 354 1879 387; x_wconf 73' lang='lat' dir='ltr'>observantia</span> <span class='ocrx_word' id='word_1_28' title='bbox 1904 377 1917 391; x_wconf 90' lang='grc'><em>·</em></span> 
     </span>
    </p>
   </div>
   <div class='ocr_carea' id='block_1_4' title="bbox 1698 397 1913 429">
    <p class='ocr_par' dir='ltr' id='par_1_4' title="bbox 1698 397 1913 429">
     <span class='ocr_line' id='line_1_5' title="bbox 1698 397 1913 429; baseline 0.014 -3"><span class='ocrx_word' id='word_1_29' title='bbox 1698 407 1751 427; x_wconf 87' lang='lat' dir='ltr'>um</span> <span class='ocrx_word' id='word_1_30' title='bbox 1776 397 1913 429; x_wconf 75' lang='lat' dir='ltr'>clausula</span> 
     </span>
    </p>
   </div>
   <div class='ocr_carea' id='block_1_5' title="bbox 334 406 1826 475">
    <p class='ocr_par' dir='ltr' id='par_1_5' title="bbox 334 406 1826 475">
     <span class='ocr_line' id='line_1_6' title="bbox 334 406 1826 475; baseline 0.006 -27"><span class='ocrx_word' id='word_1_31' title='bbox 334 410 418 448; x_wconf 86' lang='lat' dir='ltr'>vari</span> <span class='ocrx_word' id='word_1_32' title='bbox 430 424 444 451; x_wconf 78' lang='grc'>,-</span> <span class='ocrx_word' id='word_1_33' title='bbox 461 411 599 459; x_wconf 70' lang='lat' dir='ltr'>sicque,</span> <span class='ocrx_word' id='word_1_34' title='bbox 613 410 651 449; x_wconf 58' lang='grc' dir='ltr'>δέ</span> <span class='ocrx_word' id='word_1_35' title='bbox 666 424 742 451; x_wconf 90' lang='lat' dir='ltr'>non</span> <span class='ocrx_word' id='word_1_36' title='bbox 758 412 869 451; x_wconf 88' lang='lat' dir='ltr'>aliter</span> <span class='ocrx_word' id='word_1_37' title='bbox 881 413 920 450; x_wconf 88' lang='lat' dir='ltr'>in</span> <span class='ocrx_word' id='word_1_38' title='bbox 936 412 1130 461; x_wconf 77' lang='lat' dir='ltr'>praemiflis</span> <span class='ocrx_word' id='word_1_39' title='bbox 1145 425 1209 463; x_wconf 83' lang='lat' dir='ltr'>per</span> <span class='ocrx_word' id='word_1_40' title='bbox 1219 414 1478 465; x_wconf 88' lang='lat' dir='ltr'>quoscumque</span> <span class='ocrx_word' id='word_1_41' title='bbox 1489 416 1651 475; x_wconf 74' lang='lat' dir='ltr'>Judices</span> <span class='ocrx_word' id='word_1_42' title='bbox 1678 406 1802 473; x_wconf 50' lang='lat' dir='ltr'>iublata</span> <span class='ocrx_word' id='word_1_43' title='bbox 1815 463 1826 474; x_wconf 44' lang='grc' dir='ltr'>ι</span> 
     </span>
    </p>
   </div>
   <div class='ocr_carea' id='block_1_6' title="bbox 317 459 1656 2475">
    <p class='ocr_par' dir='ltr' id='par_1_6' title="bbox 332 459 1656 878">
     <span class='ocr_line' id='line_1_7' title="bbox 332 459 1650 517; baseline 0.006 -17"><span class='ocrx_word' id='word_1_44' title='bbox 332 459 562 501; x_wconf 86' lang='lat' dir='ltr'>Ordinarios</span> <span class='ocrx_word' id='word_1_45' title='bbox 577 490 590 508; x_wconf 94' lang='lat'><strong>,</strong></span> <span class='ocrx_word' id='word_1_46' title='bbox 615 462 654 501; x_wconf 83' lang='lat'>&amp;</span> <span class='ocrx_word' id='word_1_47' title='bbox 668 464 867 515; x_wconf 85' lang='lat' dir='ltr'>delegatos</span> <span class='ocrx_word' id='word_1_48' title='bbox 883 491 895 510; x_wconf 97' lang='lat'>,</span> <span class='ocrx_word' id='word_1_49' title='bbox 917 464 1040 503; x_wconf 89' lang='lat' dir='ltr'>etiam</span> <span class='ocrx_word' id='word_1_50' title='bbox 1053 463 1266 505; x_wconf 84' lang='lat' dir='ltr'>Causarum</span> <span class='ocrx_word' id='word_1_51' title='bbox 1282 466 1419 506; x_wconf 87' lang='lat' dir='ltr'>Palatii</span> <span class='ocrx_word' id='word_1_52' title='bbox 1432 468 1650 517; x_wconf 85' lang='lat' dir='ltr'>Apostolici</span> 
     </span>
     <span class='ocr_line' id='line_1_8' title="bbox 332 511 1649 570; baseline 0.006 -18"><span class='ocrx_word' id='word_1_53' title='bbox 332 511 545 553; x_wconf 89' lang='lat' dir='ltr'>Auditores</span> <span class='ocrx_word' id='word_1_54' title='bbox 563 542 575 558; x_wconf 82' lang='lat'><em>‚</em></span> <span class='ocrx_word' id='word_1_55' title='bbox 589 527 633 555; x_wconf 90' lang='lat' dir='ltr'>ac</span> <span class='ocrx_word' id='word_1_56' title='bbox 651 516 686 554; x_wconf 91' lang='lat' dir='ltr'>S.</span> <span class='ocrx_word' id='word_1_57' title='bbox 702 516 746 554; x_wconf 89' lang='lat' dir='ltr'>R.</span> <span class='ocrx_word' id='word_1_58' title='bbox 764 516 808 554; x_wconf 88' lang='lat' dir='ltr'>E.</span> <span class='ocrx_word' id='word_1_59' title='bbox 822 515 1052 558; x_wconf 89' lang='lat' dir='ltr'>Cardinales</span> <span class='ocrx_word' id='word_1_60' title='bbox 1065 543 1077 561; x_wconf 91' lang='lat'>‚</span> <span class='ocrx_word' id='word_1_61' title='bbox 1091 517 1213 556; x_wconf 89' lang='lat' dir='ltr'>etiam</span> <span class='ocrx_word' id='word_1_62' title='bbox 1227 517 1276 556; x_wconf 90' lang='lat' dir='ltr'>de</span> <span class='ocrx_word' id='word_1_63' title='bbox 1294 518 1436 558; x_wconf 84' lang='lat' dir='ltr'>Latere</span> <span class='ocrx_word' id='word_1_64' title='bbox 1454 520 1621 570; x_wconf 84' lang='lat' dir='ltr'>Legatos</span> <span class='ocrx_word' id='word_1_65' title='bbox 1635 548 1649 567; x_wconf 94' lang='lat'>,</span> 
     </span>
     <span class='ocr_line' id='line_1_9' title="bbox 332 565 1655 621; baseline 0.005 -17"><span class='ocrx_word' id='word_1_66' title='bbox 332 565 372 605; x_wconf 70' lang='grc' dir='ltr'>δε</span> <span class='ocrx_word' id='word_1_67' title='bbox 386 566 420 604; x_wconf 83' lang='lat' dir='ltr'>A</span> <span class='ocrx_word' id='word_1_68' title='bbox 427 565 618 616; x_wconf 84' lang='lat' dir='ltr'>postolicae</span> <span class='ocrx_word' id='word_1_69' title='bbox 633 568 741 607; x_wconf 90' lang='lat' dir='ltr'>Sedis</span> <span class='ocrx_word' id='word_1_70' title='bbox 755 567 943 613; x_wconf 87' lang='lat' dir='ltr'>Nuncios‚</span> <span class='ocrx_word' id='word_1_71' title='bbox 957 567 1101 608; x_wconf 87' lang='lat' dir='ltr'>aliosve</span> <span class='ocrx_word' id='word_1_72' title='bbox 1115 569 1462 619; x_wconf 89' lang='lat' dir='ltr'>quoslibet‚quavis</span> <span class='ocrx_word' id='word_1_73' title='bbox 1476 573 1655 621; x_wconf 78' lang='lat' dir='ltr'>praeemi-</span> 
     </span>
     <span class='ocr_line' id='line_1_10' title="bbox 333 619 1652 670; baseline 0.007 -16"><span class='ocrx_word' id='word_1_74' title='bbox 333 621 465 657; x_wconf 85' lang='lat' dir='ltr'>nentia</span> <span class='ocrx_word' id='word_1_75' title='bbox 478 645 491 664; x_wconf 94' lang='lat'>‚</span> <span class='ocrx_word' id='word_1_76' title='bbox 512 619 552 658; x_wconf 86' lang='lat'>&amp;</span> <span class='ocrx_word' id='word_1_77' title='bbox 575 621 760 670; x_wconf 87' lang='lat' dir='ltr'>potestate</span> <span class='ocrx_word' id='word_1_78' title='bbox 789 620 992 670; x_wconf 85' lang='lat' dir='ltr'>fungentes</span> <span class='ocrx_word' id='word_1_79' title='bbox 1008 648 1018 666; x_wconf 94' lang='lat'>,</span> <span class='ocrx_word' id='word_1_80' title='bbox 1038 621 1077 660; x_wconf 63' lang='grc' dir='ltr'>ὃς</span> <span class='ocrx_word' id='word_1_81' title='bbox 1093 621 1313 668; x_wconf 67' lang='grc' dir='ltr'>ξιιῡξὶυτος,</span> <span class='ocrx_word' id='word_1_82' title='bbox 1336 623 1487 662; x_wconf 87' lang='lat' dir='ltr'>sublata</span> <span class='ocrx_word' id='word_1_83' title='bbox 1503 624 1557 664; x_wconf 86' lang='lat' dir='ltr'>eis</span> <span class='ocrx_word' id='word_1_84' title='bbox 1572 652 1584 670; x_wconf 93' lang='lat'>‚</span> <span class='ocrx_word' id='word_1_85' title='bbox 1611 624 1652 663; x_wconf 82' lang='lat'>&amp;</span> 
     </span>
     <span class='ocr_line' id='line_1_11' title="bbox 333 672 1654 724; baseline 0.007 -18"><span class='ocrx_word' id='word_1_86' title='bbox 333 680 469 709; x_wconf 86' lang='lat' dir='ltr'>eorum</span> <span class='ocrx_word' id='word_1_87' title='bbox 483 672 641 711; x_wconf 84' lang='lat' dir='ltr'>cuilibet</span> <span class='ocrx_word' id='word_1_88' title='bbox 654 672 790 723; x_wconf 88' lang='lat' dir='ltr'>quavis</span> <span class='ocrx_word' id='word_1_89' title='bbox 809 672 922 711; x_wconf 86' lang='lat' dir='ltr'>aliter</span> <span class='ocrx_word' id='word_1_90' title='bbox 940 672 1163 720; x_wconf 81' lang='lat' dir='ltr'>judicandi,</span> <span class='ocrx_word' id='word_1_91' title='bbox 1177 674 1512 724; x_wconf 84' lang='lat' dir='ltr'>&amp;interpretandi</span> <span class='ocrx_word' id='word_1_92' title='bbox 1530 676 1654 715; x_wconf 90' lang='lat' dir='ltr'>facul·-</span> 
     </span>
     <span class='ocr_line' id='line_1_12' title="bbox 333 723 1656 774; baseline 0.005 -14"><span class='ocrx_word' id='word_1_93' title='bbox 333 730 414 761; x_wconf 90' lang='lat' dir='ltr'>tate</span> <span class='ocrx_word' id='word_1_94' title='bbox 429 751 440 769; x_wconf 93' lang='lat'>,</span> <span class='ocrx_word' id='word_1_95' title='bbox 454 734 498 761; x_wconf 90' lang='lat' dir='ltr'>ac</span> <span class='ocrx_word' id='word_1_96' title='bbox 512 726 756 771; x_wconf 64' lang='lat' dir='ltr'>auctoritate,</span> <span class='ocrx_word' id='word_1_97' title='bbox 770 725 958 771; x_wconf 85' lang='lat' dir='ltr'>judicari,</span> <span class='ocrx_word' id='word_1_98' title='bbox 971 725 1009 764; x_wconf 84' lang='lat'>&amp;</span> <span class='ocrx_word' id='word_1_99' title='bbox 1022 723 1176 764; x_wconf 83' lang='lat' dir='ltr'>definiri</span> <span class='ocrx_word' id='word_1_100' title='bbox 1191 725 1329 766; x_wconf 83' lang='lat' dir='ltr'>debere</span> <span class='ocrx_word' id='word_1_101' title='bbox 1342 753 1354 773; x_wconf 89' lang='lat'>‚</span> <span class='ocrx_word' id='word_1_102' title='bbox 1371 739 1416 766; x_wconf 93' lang='lat' dir='ltr'>ac</span> <span class='ocrx_word' id='word_1_103' title='bbox 1433 728 1602 774; x_wconf 90' lang='lat' dir='ltr'>irritum,</span> <span class='ocrx_word' id='word_1_104' title='bbox 1616 728 1656 765; x_wconf 64' lang='grc' dir='ltr'>ὃς</span> 
     </span>
     <span class='ocr_line' id='line_1_13' title="bbox 332 773 1655 828; baseline 0.005 -17"><span class='ocrx_word' id='word_1_105' title='bbox 332 773 447 814; x_wconf 88' lang='lat' dir='ltr'>inane</span> <span class='ocrx_word' id='word_1_106' title='bbox 460 802 473 820; x_wconf 87' lang='lat'>‚</span> <span class='ocrx_word' id='word_1_107' title='bbox 503 775 531 814; x_wconf 85' lang='lat' dir='ltr'><strong>fi</strong></span> <span class='ocrx_word' id='word_1_108' title='bbox 543 776 636 826; x_wconf 89' lang='lat' dir='ltr'>quid</span> <span class='ocrx_word' id='word_1_109' title='bbox 650 777 753 816; x_wconf 87' lang='lat' dir='ltr'>secus</span> <span class='ocrx_word' id='word_1_110' title='bbox 769 777 875 827; x_wconf 83' lang='lat' dir='ltr'>super</span> <span class='ocrx_word' id='word_1_111' title='bbox 890 777 949 815; x_wconf 85' lang='lat' dir='ltr'>his</span> <span class='ocrx_word' id='word_1_112' title='bbox 975 778 998 816; x_wconf 77' lang='lat' dir='ltr'>a</span> <span class='ocrx_word' id='word_1_113' title='bbox 1013 788 1207 827; x_wconf 90' lang='lat' dir='ltr'>quoquam</span> <span class='ocrx_word' id='word_1_114' title='bbox 1220 805 1233 824; x_wconf 93' lang='lat'>‚</span> <span class='ocrx_word' id='word_1_115' title='bbox 1255 778 1391 828; x_wconf 84' lang='lat' dir='ltr'>quavis</span> <span class='ocrx_word' id='word_1_116' title='bbox 1407 781 1655 826; x_wconf 61' lang='lat' dir='ltr'>auctoritate,</span> 
     </span>
     <span class='ocr_line' id='line_1_14' title="bbox 333 826 1298 878; baseline 0.004 -15"><span class='ocrx_word' id='word_1_117' title='bbox 333 826 497 864; x_wconf 85' lang='lat' dir='ltr'>scienter</span> <span class='ocrx_word' id='word_1_118' title='bbox 513 854 525 871; x_wconf 88' lang='lat'>‚</span> <span class='ocrx_word' id='word_1_119' title='bbox 551 829 611 867; x_wconf 86' lang='lat' dir='ltr'>vel</span> <span class='ocrx_word' id='word_1_120' title='bbox 626 829 849 878; x_wconf 83' lang='lat' dir='ltr'>ignoranter</span> <span class='ocrx_word' id='word_1_121' title='bbox 868 829 1075 878; x_wconf 87' lang='lat' dir='ltr'>contigerit</span> <span class='ocrx_word' id='word_1_122' title='bbox 1091 830 1298 868; x_wconf 88' lang='lat' dir='ltr'>attentari.</span> 
     </span>
    </p>

    <p class='ocr_par' dir='ltr' id='par_1_7' title="bbox 321 877 1656 2119">
     <span class='ocr_line' id='line_1_15' title="bbox 435 877 1656 928; baseline 0.007 -14"><span class='ocrx_word' id='word_1_123' title='bbox 435 877 527 915; x_wconf 91' lang='lat' dir='ltr'>Non</span> <span class='ocrx_word' id='word_1_124' title='bbox 541 880 778 917; x_wconf 86' lang='lat' dir='ltr'>obstantibus</span> <span class='ocrx_word' id='word_1_125' title='bbox 793 904 806 924; x_wconf 91' lang='lat'>‚</span> <span class='ocrx_word' id='word_1_126' title='bbox 823 887 1015 927; x_wconf 86' lang='lat' dir='ltr'>quatenus</span> <span class='ocrx_word' id='word_1_127' title='bbox 1027 891 1121 928; x_wconf 89' lang='lat' dir='ltr'>opus</span> <span class='ocrx_word' id='word_1_128' title='bbox 1135 880 1180 917; x_wconf 81' lang='lat' dir='ltr'>sit</span> <span class='ocrx_word' id='word_1_129' title='bbox 1192 906 1205 924; x_wconf 92' lang='lat'>,</span> <span class='ocrx_word' id='word_1_130' title='bbox 1224 880 1376 925; x_wconf 83' lang='lat' dir='ltr'>Nostra,</span> <span class='ocrx_word' id='word_1_131' title='bbox 1393 881 1432 920; x_wconf 75' lang='grc' dir='ltr'>δε</span> <span class='ocrx_word' id='word_1_132' title='bbox 1447 881 1656 922; x_wconf 87' lang='lat' dir='ltr'>Cancella-</span> 
     </span>
     <span class='ocr_line' id='line_1_16' title="bbox 329 927 1655 982; baseline 0.006 -16"><span class='ocrx_word' id='word_1_133' title='bbox 329 927 392 967; x_wconf 78' lang='lat' dir='ltr'>riae</span> <span class='ocrx_word' id='word_1_134' title='bbox 412 928 643 979; x_wconf 76' lang='lat' dir='ltr'>Apostolicae</span> <span class='ocrx_word' id='word_1_135' title='bbox 657 931 791 982; x_wconf 83' lang='lat' dir='ltr'>regula</span> <span class='ocrx_word' id='word_1_136' title='bbox 823 930 871 969; x_wconf 91' lang='lat' dir='ltr'>de</span> <span class='ocrx_word' id='word_1_137' title='bbox 886 931 967 976; x_wconf 78' lang='lat' dir='ltr'>jure</span> <span class='ocrx_word' id='word_1_138' title='bbox 980 931 1135 979; x_wconf 84' lang='lat' dir='ltr'>quaefito</span> <span class='ocrx_word' id='word_1_139' title='bbox 1149 942 1226 969; x_wconf 90' lang='lat' dir='ltr'>non</span> <span class='ocrx_word' id='word_1_140' title='bbox 1244 931 1442 971; x_wconf 88' lang='lat' dir='ltr'>tollendo:</span> <span class='ocrx_word' id='word_1_141' title='bbox 1473 945 1655 974; x_wconf 70' lang='lat' dir='ltr'>necnon-2</span> 
     </span>
     <span class='ocr_line' id='line_1_17' title="bbox 330 980 1654 1032; baseline 0.005 -13"><span class='ocrx_word' id='word_1_142' title='bbox 330 980 681 1021; x_wconf 79' lang='lat' dir='ltr'>constitutionibus</span> <span class='ocrx_word' id='word_1_143' title='bbox 697 1009 708 1027; x_wconf 94' lang='lat'>‚</span> <span class='ocrx_word' id='word_1_144' title='bbox 738 983 777 1021; x_wconf 86' lang='lat'>&amp;</span> <span class='ocrx_word' id='word_1_145' title='bbox 804 981 1132 1021; x_wconf 88' lang='lat' dir='ltr'>Ordinationibus</span> <span class='ocrx_word' id='word_1_146' title='bbox 1160 983 1396 1031; x_wconf 86' lang='lat' dir='ltr'>Apostolicis</span> <span class='ocrx_word' id='word_1_147' title='bbox 1413 1011 1425 1029; x_wconf 92' lang='lat'>‚</span> <span class='ocrx_word' id='word_1_148' title='bbox 1455 985 1618 1025; x_wconf 88' lang='lat' dir='ltr'>Statutis</span> <span class='ocrx_word' id='word_1_149' title='bbox 1640 1014 1654 1032; x_wconf 89' lang='lat'>,</span> 
     </span>
     <span class='ocr_line' id='line_1_18' title="bbox 332 1032 1652 1084; baseline 0.006 -15"><span class='ocrx_word' id='word_1_150' title='bbox 332 1032 456 1070; x_wconf 79' lang='lat' dir='ltr'>usibus</span> <span class='ocrx_word' id='word_1_151' title='bbox 472 1057 483 1075; x_wconf 93' lang='lat'>‚</span> <span class='ocrx_word' id='word_1_152' title='bbox 517 1034 625 1083; x_wconf 89' lang='lat' dir='ltr'>stylis</span> <span class='ocrx_word' id='word_1_153' title='bbox 636 1061 647 1079; x_wconf 94' lang='lat'>‚</span> <span class='ocrx_word' id='word_1_154' title='bbox 673 1034 712 1072; x_wconf 63' lang='grc' dir='ltr'>ὃς</span> <span class='ocrx_word' id='word_1_155' title='bbox 727 1032 1066 1071; x_wconf 88' lang='lat' dir='ltr'>consuetudinibus</span> <span class='ocrx_word' id='word_1_156' title='bbox 1082 1059 1094 1077; x_wconf 95' lang='lat'>‚</span> <span class='ocrx_word' id='word_1_157' title='bbox 1110 1033 1229 1070; x_wconf 88' lang='lat' dir='ltr'>etiam</span> <span class='ocrx_word' id='word_1_158' title='bbox 1246 1032 1626 1077; x_wconf 88' lang='lat' dir='ltr'>immemorabilibus</span> <span class='ocrx_word' id='word_1_159' title='bbox 1638 1065 1652 1084; x_wconf 90' lang='lat'>‚</span> 
     </span>
     <span class='ocr_line' id='line_1_19' title="bbox 331 1083 1651 1137; baseline 0.006 -17"><span class='ocrx_word' id='word_1_160' title='bbox 331 1083 452 1121; x_wconf 88' lang='lat' dir='ltr'>etiarn</span> <span class='ocrx_word' id='word_1_161' title='bbox 477 1086 699 1131; x_wconf 86' lang='lat' dir='ltr'>juramento</span> <span class='ocrx_word' id='word_1_162' title='bbox 717 1113 728 1131; x_wconf 92' lang='lat'>,</span> <span class='ocrx_word' id='word_1_163' title='bbox 754 1084 1055 1124; x_wconf 87' lang='lat' dir='ltr'>confirmatione</span> <span class='ocrx_word' id='word_1_164' title='bbox 1069 1084 1296 1133; x_wconf 85' lang='lat' dir='ltr'>Apostolica</span> <span class='ocrx_word' id='word_1_165' title='bbox 1313 1113 1324 1129; x_wconf 95' lang='lat'>‚</span> <span class='ocrx_word' id='word_1_166' title='bbox 1347 1087 1410 1125; x_wconf 94' lang='lat' dir='ltr'>vel</span> <span class='ocrx_word' id='word_1_167' title='bbox 1427 1090 1560 1137; x_wconf 85' lang='lat' dir='ltr'>quavis</span> <span class='ocrx_word' id='word_1_168' title='bbox 1573 1091 1651 1128; x_wconf 86' lang='lat' dir='ltr'>alia</span> 
     </span>
     <span class='ocr_line' id='line_1_20' title="bbox 330 1133 1650 1188; baseline 0.007 -17"><span class='ocrx_word' id='word_1_169' title='bbox 330 1133 519 1176; x_wconf 80' lang='lat' dir='ltr'>firmitate</span> <span class='ocrx_word' id='word_1_170' title='bbox 548 1138 759 1177; x_wconf 86' lang='lat' dir='ltr'>roboratis:</span> <span class='ocrx_word' id='word_1_171' title='bbox 788 1134 1009 1188; x_wconf 88' lang='lat' dir='ltr'>Privilegiis</span> <span class='ocrx_word' id='word_1_172' title='bbox 1037 1147 1187 1185; x_wconf 89' lang='lat' dir='ltr'>quoque</span> <span class='ocrx_word' id='word_1_173' title='bbox 1202 1163 1213 1180; x_wconf 95' lang='lat'>,</span> <span class='ocrx_word' id='word_1_174' title='bbox 1231 1137 1394 1178; x_wconf 87' lang='lat' dir='ltr'>Indultis</span> <span class='ocrx_word' id='word_1_175' title='bbox 1416 1166 1428 1185; x_wconf 93' lang='lat'>,</span> <span class='ocrx_word' id='word_1_176' title='bbox 1457 1140 1496 1178; x_wconf 72' lang='grc' dir='ltr'>δε</span> <span class='ocrx_word' id='word_1_177' title='bbox 1512 1140 1650 1181; x_wconf 87' lang='lat' dir='ltr'>Literis</span> 
     </span>
     <span class='ocr_line' id='line_1_21' title="bbox 331 1187 1651 1240; baseline 0.004 -14"><span class='ocrx_word' id='word_1_178' title='bbox 331 1187 568 1236; x_wconf 82' lang='lat' dir='ltr'>Apostolicis</span> <span class='ocrx_word' id='word_1_179' title='bbox 580 1190 893 1240; x_wconf 86' lang='lat' dir='ltr'>quibuscumque,</span> <span class='ocrx_word' id='word_1_180' title='bbox 905 1189 971 1228; x_wconf 89' lang='lat' dir='ltr'>sub</span> <span class='ocrx_word' id='word_1_181' title='bbox 990 1187 1182 1238; x_wconf 77' lang='lat' dir='ltr'>quibusvis</span> <span class='ocrx_word' id='word_1_182' title='bbox 1195 1190 1391 1228; x_wconf 87' lang='lat' dir='ltr'>tenoribus</span> <span class='ocrx_word' id='word_1_183' title='bbox 1407 1217 1418 1236; x_wconf 87' lang='lat'><strong>,</strong></span> <span class='ocrx_word' id='word_1_184' title='bbox 1435 1191 1474 1230; x_wconf 86' lang='lat'>&amp;</span> <span class='ocrx_word' id='word_1_185' title='bbox 1487 1191 1622 1231; x_wconf 88' lang='lat' dir='ltr'>formis</span> <span class='ocrx_word' id='word_1_186' title='bbox 1637 1221 1651 1240; x_wconf 88' lang='lat'>‚</span> 
     </span>
     <span class='ocr_line' id='line_1_22' title="bbox 329 1236 1650 1291; baseline 0.006 -17"><span class='ocrx_word' id='word_1_187' title='bbox 329 1236 369 1274; x_wconf 64' lang='grc' dir='ltr'>δε</span> <span class='ocrx_word' id='word_1_188' title='bbox 397 1250 486 1278; x_wconf 88' lang='lat' dir='ltr'>curn</span> <span class='ocrx_word' id='word_1_189' title='bbox 513 1242 812 1290; x_wconf 83' lang='lat' dir='ltr'>quibuscumque</span> <span class='ocrx_word' id='word_1_190' title='bbox 836 1241 962 1280; x_wconf 88' lang='lat' dir='ltr'>etiam</span> <span class='ocrx_word' id='word_1_191' title='bbox 987 1239 1329 1291; x_wconf 84' lang='lat' dir='ltr'>derogatoriarum</span> <span class='ocrx_word' id='word_1_192' title='bbox 1356 1240 1617 1291; x_wconf 87' lang='lat' dir='ltr'>derogatoriis</span> <span class='ocrx_word' id='word_1_193' title='bbox 1636 1271 1650 1290; x_wconf 91' lang='lat'><strong>,</strong></span> 
     </span>
     <span class='ocr_line' id='line_1_23' title="bbox 330 1290 1650 1339; baseline 0.005 -11"><span class='ocrx_word' id='word_1_194' title='bbox 330 1290 489 1338; x_wconf 76' lang='lat' dir='ltr'>aliisque</span> <span class='ocrx_word' id='word_1_195' title='bbox 501 1292 783 1331; x_wconf 84' lang='lat' dir='ltr'>efficacioribus</span> <span class='ocrx_word' id='word_1_196' title='bbox 798 1319 808 1336; x_wconf 94' lang='lat'>,</span> <span class='ocrx_word' id='word_1_197' title='bbox 824 1290 1091 1330; x_wconf 78' lang='lat' dir='ltr'>efficaciffimis</span> <span class='ocrx_word' id='word_1_198' title='bbox 1107 1317 1119 1336; x_wconf 93' lang='lat'><strong><em>,</em></strong></span> <span class='ocrx_word' id='word_1_199' title='bbox 1147 1290 1370 1330; x_wconf 80' lang='lat' dir='ltr'>&amp;insolitis</span> <span class='ocrx_word' id='word_1_200' title='bbox 1382 1294 1561 1334; x_wconf 82' lang='lat' dir='ltr'>clausulis</span> <span class='ocrx_word' id='word_1_201' title='bbox 1578 1323 1589 1339; x_wconf 92' lang='lat'>‚</span> <span class='ocrx_word' id='word_1_202' title='bbox 1603 1308 1650 1334; x_wconf 89' lang='lat' dir='ltr'>ac</span> 
     </span>
     <span class='ocr_line' id='line_1_24' title="bbox 329 1341 1650 1397; baseline 0.008 -20"><span class='ocrx_word' id='word_1_203' title='bbox 329 1341 571 1383; x_wconf 85' lang='lat' dir='ltr'>irritantibus</span> <span class='ocrx_word' id='word_1_204' title='bbox 587 1372 596 1389; x_wconf 91' lang='lat'>‚</span> <span class='ocrx_word' id='word_1_205' title='bbox 609 1356 653 1382; x_wconf 84' lang='lat' dir='ltr'>ac</span> <span class='ocrx_word' id='word_1_206' title='bbox 670 1345 754 1382; x_wconf 88' lang='lat' dir='ltr'>aliis</span> <span class='ocrx_word' id='word_1_207' title='bbox 775 1341 964 1390; x_wconf 88' lang='lat' dir='ltr'>decretis,</span> <span class='ocrx_word' id='word_1_208' title='bbox 991 1350 1112 1382; x_wconf 87' lang='lat' dir='ltr'>etiam</span> <span class='ocrx_word' id='word_1_209' title='bbox 1127 1350 1237 1381; x_wconf 88' lang='lat' dir='ltr'>motu</span> <span class='ocrx_word' id='word_1_210' title='bbox 1254 1371 1265 1388; x_wconf 90' lang='lat'>,</span> <span class='ocrx_word' id='word_1_211' title='bbox 1290 1343 1470 1392; x_wconf 86' lang='lat' dir='ltr'>scientia,</span> <span class='ocrx_word' id='word_1_212' title='bbox 1487 1346 1525 1385; x_wconf 63' lang='grc' dir='ltr'>δι’</span> <span class='ocrx_word' id='word_1_213' title='bbox 1540 1355 1650 1397; x_wconf 83' lang='lat' dir='ltr'>pote-</span> 
     </span>
     <span class='ocr_line' id='line_1_25' title="bbox 327 1393 1649 1447; baseline 0.005 -16"><span class='ocrx_word' id='word_1_214' title='bbox 327 1394 432 1432; x_wconf 86' lang='lat' dir='ltr'>statis</span> <span class='ocrx_word' id='word_1_215' title='bbox 459 1396 700 1444; x_wconf 88' lang='lat' dir='ltr'>plenitudine</span> <span class='ocrx_word' id='word_1_216' title='bbox 718 1393 909 1433; x_wconf 78' lang='lat' dir='ltr'>similibus</span> <span class='ocrx_word' id='word_1_217' title='bbox 925 1422 938 1441; x_wconf 91' lang='lat'>‚</span> <span class='ocrx_word' id='word_1_218' title='bbox 960 1394 1325 1434; x_wconf 86' lang='lat' dir='ltr'>&amp;confistorialiter</span> <span class='ocrx_word' id='word_1_219' title='bbox 1341 1424 1354 1442; x_wconf 94' lang='lat'>‚</span> <span class='ocrx_word' id='word_1_220' title='bbox 1377 1408 1422 1435; x_wconf 90' lang='lat' dir='ltr'>ac</span> <span class='ocrx_word' id='word_1_221' title='bbox 1439 1399 1533 1437; x_wconf 74' lang='lat' dir='ltr'>alias</span> <span class='ocrx_word' id='word_1_222' title='bbox 1554 1412 1649 1447; x_wconf 85' lang='lat' dir='ltr'>quo-</span> 
     </span>
     <span class='ocr_line' id='line_1_26' title="bbox 327 1445 1646 1497; baseline 0.006 -15"><span class='ocrx_word' id='word_1_223' title='bbox 327 1445 548 1486; x_wconf 90' lang='lat' dir='ltr'>modolibet</span> <span class='ocrx_word' id='word_1_224' title='bbox 568 1448 606 1487; x_wconf 92' lang='lat' dir='ltr'>in</span> <span class='ocrx_word' id='word_1_225' title='bbox 621 1455 753 1487; x_wconf 88' lang='lat' dir='ltr'>contra</span> <span class='ocrx_word' id='word_1_226' title='bbox 763 1447 861 1484; x_wconf 89' lang='lat' dir='ltr'>rium</span> <span class='ocrx_word' id='word_1_227' title='bbox 873 1447 1146 1495; x_wconf 80' lang='lat' dir='ltr'>praemissorum</span> <span class='ocrx_word' id='word_1_228' title='bbox 1159 1446 1342 1486; x_wconf 81' lang='lat' dir='ltr'>conceffis</span> <span class='ocrx_word' id='word_1_229' title='bbox 1355 1475 1368 1493; x_wconf 88' lang='lat'>‚</span> <span class='ocrx_word' id='word_1_230' title='bbox 1381 1449 1622 1490; x_wconf 84' lang='lat' dir='ltr'>confirmatis</span> <span class='ocrx_word' id='word_1_231' title='bbox 1635 1479 1646 1497; x_wconf 93' lang='lat'>,</span> 
     </span>
     <span class='ocr_line' id='line_1_27' title="bbox 327 1496 1647 1551; baseline 0.006 -17"><span class='ocrx_word' id='word_1_232' title='bbox 327 1496 367 1534; x_wconf 61' lang='grc' dir='ltr'>ὃ(</span> <span class='ocrx_word' id='word_1_233' title='bbox 385 1497 579 1537; x_wconf 86' lang='lat' dir='ltr'>innovatis</span> <span class='ocrx_word' id='word_1_234' title='bbox 594 1527 603 1537; x_wconf 92' lang='lat'><strong>.</strong></span> <span class='ocrx_word' id='word_1_235' title='bbox 634 1500 786 1548; x_wconf 73' lang='lat' dir='ltr'>Qubus</span> <span class='ocrx_word' id='word_1_236' title='bbox 808 1498 1011 1544; x_wconf 90' lang='lat' dir='ltr'>omnibus,</span> <span class='ocrx_word' id='word_1_237' title='bbox 1035 1497 1074 1535; x_wconf 58' lang='grc' dir='ltr'>δι’</span> <span class='ocrx_word' id='word_1_238' title='bbox 1088 1498 1245 1549; x_wconf 83' lang='lat' dir='ltr'>singulis</span> <span class='ocrx_word' id='word_1_239' title='bbox 1259 1525 1272 1544; x_wconf 96' lang='lat'>‚</span> <span class='ocrx_word' id='word_1_240' title='bbox 1298 1500 1449 1539; x_wconf 84' lang='lat' dir='ltr'>etiamsi</span> <span class='ocrx_word' id='word_1_241' title='bbox 1462 1515 1531 1551; x_wconf 92' lang='lat' dir='ltr'>pro</span> <span class='ocrx_word' id='word_1_242' title='bbox 1546 1502 1647 1542; x_wconf 82' lang='lat' dir='ltr'>suffi-</span> 
     </span>
     <span class='ocr_line' id='line_1_28' title="bbox 327 1548 1647 1604; baseline 0.006 -19"><span class='ocrx_word' id='word_1_243' title='bbox 327 1548 446 1587; x_wconf 87' lang='lat' dir='ltr'>cienti</span> <span class='ocrx_word' id='word_1_244' title='bbox 462 1552 619 1589; x_wconf 90' lang='lat' dir='ltr'>illorum</span> <span class='ocrx_word' id='word_1_245' title='bbox 635 1550 886 1600; x_wconf 82' lang='lat' dir='ltr'>derogatione</span> <span class='ocrx_word' id='word_1_246' title='bbox 912 1550 960 1589; x_wconf 89' lang='lat' dir='ltr'>de</span> <span class='ocrx_word' id='word_1_247' title='bbox 983 1550 1060 1588; x_wconf 84' lang='lat' dir='ltr'>illis</span> <span class='ocrx_word' id='word_1_248' title='bbox 1078 1577 1090 1595; x_wconf 95' lang='lat'>‚</span> <span class='ocrx_word' id='word_1_249' title='bbox 1116 1562 1325 1597; x_wconf 85' lang='lat' dir='ltr'>eorumque</span> <span class='ocrx_word' id='word_1_250' title='bbox 1350 1555 1549 1594; x_wconf 88' lang='lat' dir='ltr'>tenoribus</span> <span class='ocrx_word' id='word_1_251' title='bbox 1567 1554 1647 1604; x_wconf 87' lang='lat' dir='ltr'>spe-</span> 
     </span>
     <span class='ocr_line' id='line_1_29' title="bbox 327 1600 1645 1652; baseline 0.006 -15"><span class='ocrx_word' id='word_1_252' title='bbox 327 1600 437 1639; x_wconf 89' lang='lat' dir='ltr'>cialis</span> <span class='ocrx_word' id='word_1_253' title='bbox 451 1629 464 1648; x_wconf 91' lang='lat'>,</span> <span class='ocrx_word' id='word_1_254' title='bbox 478 1602 653 1651; x_wconf 84' lang='lat' dir='ltr'>specifica</span> <span class='ocrx_word' id='word_1_255' title='bbox 669 1630 682 1648; x_wconf 94' lang='lat'><strong>‚</strong></span> <span class='ocrx_word' id='word_1_256' title='bbox 709 1600 877 1652; x_wconf 76' lang='lat' dir='ltr'>expressa</span> <span class='ocrx_word' id='word_1_257' title='bbox 890 1628 903 1647; x_wconf 94' lang='lat'>‚</span> <span class='ocrx_word' id='word_1_258' title='bbox 928 1601 965 1639; x_wconf 67' lang='lat'>8&lt;</span> <span class='ocrx_word' id='word_1_259' title='bbox 983 1601 1184 1640; x_wconf 85' lang='lat' dir='ltr'>individua</span> <span class='ocrx_word' id='word_1_260' title='bbox 1195 1629 1210 1648; x_wconf 88' lang='lat'><em>‚</em></span> <span class='ocrx_word' id='word_1_261' title='bbox 1234 1613 1279 1640; x_wconf 87' lang='lat' dir='ltr'>ac</span> <span class='ocrx_word' id='word_1_262' title='bbox 1293 1602 1342 1641; x_wconf 90' lang='lat' dir='ltr'>de</span> <span class='ocrx_word' id='word_1_263' title='bbox 1356 1606 1477 1642; x_wconf 87' lang='lat' dir='ltr'>verbo</span> <span class='ocrx_word' id='word_1_264' title='bbox 1491 1606 1539 1644; x_wconf 87' lang='lat' dir='ltr'>ad</span> <span class='ocrx_word' id='word_1_265' title='bbox 1554 1619 1645 1645; x_wconf 85' lang='lat' dir='ltr'>ver-</span> 
     </span>
     <span class='ocr_line' id='line_1_30' title="bbox 327 1651 1645 1704; baseline 0.005 -15"><span class='ocrx_word' id='word_1_266' title='bbox 327 1651 418 1691; x_wconf 87' lang='lat' dir='ltr'>bum</span> <span class='ocrx_word' id='word_1_267' title='bbox 430 1680 443 1699; x_wconf 92' lang='lat'><strong>,</strong></span> <span class='ocrx_word' id='word_1_268' title='bbox 469 1666 545 1692; x_wconf 89' lang='lat' dir='ltr'>non</span> <span class='ocrx_word' id='word_1_269' title='bbox 567 1662 696 1692; x_wconf 87' lang='lat' dir='ltr'>autem</span> <span class='ocrx_word' id='word_1_270' title='bbox 713 1666 777 1704; x_wconf 91' lang='lat' dir='ltr'>per</span> <span class='ocrx_word' id='word_1_271' title='bbox 794 1652 979 1692; x_wconf 81' lang='lat' dir='ltr'>clausulas</span> <span class='ocrx_word' id='word_1_272' title='bbox 996 1655 1197 1703; x_wconf 83' lang='lat' dir='ltr'>generales</span> <span class='ocrx_word' id='word_1_273' title='bbox 1212 1680 1225 1698; x_wconf 94' lang='lat'>‚</span> <span class='ocrx_word' id='word_1_274' title='bbox 1241 1653 1346 1692; x_wconf 89' lang='lat' dir='ltr'>idem</span> <span class='ocrx_word' id='word_1_275' title='bbox 1364 1654 1617 1704; x_wconf 85' lang='lat' dir='ltr'>importantes</span> <span class='ocrx_word' id='word_1_276' title='bbox 1632 1686 1645 1704; x_wconf 94' lang='lat'>,</span> 
     </span>
     <span class='ocr_line' id='line_1_31' title="bbox 324 1704 1646 1757; baseline 0.005 -16"><span class='ocrx_word' id='word_1_277' title='bbox 324 1706 498 1752; x_wconf 87' lang='lat' dir='ltr'>mentio,</span> <span class='ocrx_word' id='word_1_278' title='bbox 529 1705 590 1744; x_wconf 86' lang='lat' dir='ltr'>seu</span> <span class='ocrx_word' id='word_1_279' title='bbox 617 1708 756 1756; x_wconf 83' lang='lat' dir='ltr'>quaevis</span> <span class='ocrx_word' id='word_1_280' title='bbox 779 1705 857 1743; x_wconf 82' lang='lat' dir='ltr'>alia</span> <span class='ocrx_word' id='word_1_281' title='bbox 883 1704 1066 1755; x_wconf 86' lang='lat' dir='ltr'>expreffio</span> <span class='ocrx_word' id='word_1_282' title='bbox 1080 1704 1256 1744; x_wconf 83' lang='lat' dir='ltr'>facienda</span> <span class='ocrx_word' id='word_1_283' title='bbox 1272 1733 1284 1751; x_wconf 97' lang='lat'>,</span> <span class='ocrx_word' id='word_1_284' title='bbox 1317 1714 1382 1744; x_wconf 86' lang='lat' dir='ltr'>aut</span> <span class='ocrx_word' id='word_1_285' title='bbox 1398 1708 1522 1757; x_wconf 86' lang='lat' dir='ltr'>aliqua</span> <span class='ocrx_word' id='word_1_286' title='bbox 1539 1710 1646 1748; x_wconf 66' lang='lat' dir='ltr'>alia-2</span> 
     </span>
     <span class='ocr_line' id='line_1_32' title="bbox 327 1755 1644 1805; baseline 0.007 -13"><span class='ocrx_word' id='word_1_287' title='bbox 327 1757 514 1805; x_wconf 86' lang='lat' dir='ltr'>exquifita</span> <span class='ocrx_word' id='word_1_288' title='bbox 540 1757 664 1796; x_wconf 86' lang='lat' dir='ltr'>forma</span> <span class='ocrx_word' id='word_1_289' title='bbox 691 1757 739 1795; x_wconf 89' lang='lat' dir='ltr'>ad</span> <span class='ocrx_word' id='word_1_290' title='bbox 757 1759 831 1795; x_wconf 91' lang='lat' dir='ltr'>hoc</span> <span class='ocrx_word' id='word_1_291' title='bbox 844 1756 1030 1795; x_wconf 86' lang='lat' dir='ltr'>servanda</span> <span class='ocrx_word' id='word_1_292' title='bbox 1046 1757 1147 1795; x_wconf 88' lang='lat' dir='ltr'>foret</span> <span class='ocrx_word' id='word_1_293' title='bbox 1162 1783 1175 1801; x_wconf 93' lang='lat'>,</span> <span class='ocrx_word' id='word_1_294' title='bbox 1201 1755 1360 1795; x_wconf 89' lang='lat' dir='ltr'>illorum</span> <span class='ocrx_word' id='word_1_295' title='bbox 1374 1761 1551 1798; x_wconf 77' lang='lat' dir='ltr'>omnium</span> <span class='ocrx_word' id='word_1_296' title='bbox 1566 1789 1576 1805; x_wconf 93' lang='lat'>‚</span> <span class='ocrx_word' id='word_1_297' title='bbox 1605 1763 1644 1801; x_wconf 65' lang='grc' dir='ltr'>ὃς</span> 
     </span>
     <span class='ocr_line' id='line_1_33' title="bbox 323 1806 1645 1859; baseline 0.005 -15"><span class='ocrx_word' id='word_1_298' title='bbox 323 1806 562 1856; x_wconf 83' lang='lat' dir='ltr'>fingulorum</span> <span class='ocrx_word' id='word_1_299' title='bbox 574 1816 729 1846; x_wconf 83' lang='lat' dir='ltr'>tenores</span> <span class='ocrx_word' id='word_1_300' title='bbox 742 1834 754 1852; x_wconf 92' lang='lat'>‚</span> <span class='ocrx_word' id='word_1_301' title='bbox 767 1808 914 1845; x_wconf 88' lang='lat' dir='ltr'>formas</span> <span class='ocrx_word' id='word_1_302' title='bbox 928 1834 941 1852; x_wconf 88' lang='lat'>‚</span> <span class='ocrx_word' id='word_1_303' title='bbox 957 1808 996 1847; x_wconf 60' lang='grc' dir='ltr'>ὃς</span> <span class='ocrx_word' id='word_1_304' title='bbox 1010 1808 1230 1847; x_wconf 75' lang='lat' dir='ltr'>occasiones</span> <span class='ocrx_word' id='word_1_305' title='bbox 1245 1834 1257 1852; x_wconf 89' lang='lat'>‚</span> <span class='ocrx_word' id='word_1_306' title='bbox 1280 1819 1325 1846; x_wconf 90' lang='lat' dir='ltr'>ac</span> <span class='ocrx_word' id='word_1_307' title='bbox 1337 1808 1412 1847; x_wconf 86' lang='lat' dir='ltr'>alia</span> <span class='ocrx_word' id='word_1_308' title='bbox 1430 1811 1546 1850; x_wconf 81' lang='lat' dir='ltr'>etiam</span> <span class='ocrx_word' id='word_1_309' title='bbox 1563 1813 1645 1859; x_wconf 83' lang='lat' dir='ltr'>spe-</span> 
     </span>
     <span class='ocr_line' id='line_1_34' title="bbox 323 1858 1643 1909; baseline 0.006 -13"><span class='ocrx_word' id='word_1_310' title='bbox 323 1858 411 1896; x_wconf 90' lang='lat' dir='ltr'>ciali</span> <span class='ocrx_word' id='word_1_311' title='bbox 429 1858 662 1908; x_wconf 82' lang='lat' dir='ltr'>expreffione</span> <span class='ocrx_word' id='word_1_312' title='bbox 677 1860 794 1908; x_wconf 86' lang='lat' dir='ltr'>digna</span> <span class='ocrx_word' id='word_1_313' title='bbox 812 1885 823 1902; x_wconf 93' lang='lat'>,</span> <span class='ocrx_word' id='word_1_314' title='bbox 837 1859 1078 1907; x_wconf 73' lang='lat' dir='ltr'>praesentibus</span> <span class='ocrx_word' id='word_1_315' title='bbox 1105 1871 1173 1909; x_wconf 92' lang='lat' dir='ltr'>pro</span> <span class='ocrx_word' id='word_1_316' title='bbox 1188 1858 1299 1908; x_wconf 83' lang='lat' dir='ltr'>plene</span> <span class='ocrx_word' id='word_1_317' title='bbox 1315 1885 1328 1905; x_wconf 88' lang='lat'>‚</span> <span class='ocrx_word' id='word_1_318' title='bbox 1352 1859 1390 1897; x_wconf 62' lang='grc' dir='ltr'>δέ</span> <span class='ocrx_word' id='word_1_319' title='bbox 1409 1861 1643 1904; x_wconf 86' lang='lat' dir='ltr'>sufficienter</span> 
     </span>
     <span class='ocr_line' id='line_1_35' title="bbox 322 1908 1638 1960; baseline 0.006 -13"><span class='ocrx_word' id='word_1_320' title='bbox 322 1909 496 1959; x_wconf 85' lang='lat' dir='ltr'>expreffis</span> <span class='ocrx_word' id='word_1_321' title='bbox 510 1938 521 1956; x_wconf 96' lang='lat'>‚</span> <span class='ocrx_word' id='word_1_322' title='bbox 538 1910 688 1949; x_wconf 88' lang='lat' dir='ltr'>insertis</span> <span class='ocrx_word' id='word_1_323' title='bbox 702 1938 714 1957; x_wconf 92' lang='lat'>‚</span> <span class='ocrx_word' id='word_1_324' title='bbox 729 1922 772 1948; x_wconf 91' lang='lat' dir='ltr'>ac</span> <span class='ocrx_word' id='word_1_325' title='bbox 786 1908 959 1957; x_wconf 86' lang='lat' dir='ltr'>servatis,</span> <span class='ocrx_word' id='word_1_326' title='bbox 971 1911 1178 1960; x_wconf 68' lang='lat' dir='ltr'>respective</span> <span class='ocrx_word' id='word_1_327' title='bbox 1194 1912 1384 1950; x_wconf 86' lang='lat' dir='ltr'>habentes</span> <span class='ocrx_word' id='word_1_328' title='bbox 1398 1939 1410 1958; x_wconf 93' lang='lat'><em>,</em></span> <span class='ocrx_word' id='word_1_329' title='bbox 1437 1915 1508 1952; x_wconf 91' lang='lat' dir='ltr'>hac</span> <span class='ocrx_word' id='word_1_330' title='bbox 1523 1916 1638 1955; x_wconf 55' lang='lat' dir='ltr'>vice,</span> 
     </span>
     <span class='ocr_line' id='line_1_36' title="bbox 321 1961 1640 2015; baseline 0.005 -16"><span class='ocrx_word' id='word_1_331' title='bbox 321 1961 523 2000; x_wconf 84' lang='lat' dir='ltr'>dumtaxat</span> <span class='ocrx_word' id='word_1_332' title='bbox 536 1990 547 2007; x_wconf 92' lang='lat'>‚</span> <span class='ocrx_word' id='word_1_333' title='bbox 568 1963 643 2001; x_wconf 90' lang='lat' dir='ltr'>illis</span> <span class='ocrx_word' id='word_1_334' title='bbox 661 1963 755 2001; x_wconf 78' lang='lat' dir='ltr'>alias</span> <span class='ocrx_word' id='word_1_335' title='bbox 783 1962 821 1999; x_wconf 93' lang='lat' dir='ltr'>in</span> <span class='ocrx_word' id='word_1_336' title='bbox 839 1961 903 2000; x_wconf 91' lang='lat' dir='ltr'>suo</span> <span class='ocrx_word' id='word_1_337' title='bbox 918 1964 1057 2001; x_wconf 88' lang='lat' dir='ltr'>robore</span> <span class='ocrx_word' id='word_1_338' title='bbox 1070 1962 1324 2012; x_wconf 85' lang='lat' dir='ltr'>permansuris</span> <span class='ocrx_word' id='word_1_339' title='bbox 1338 1989 1350 2008; x_wconf 89' lang='lat'>,</span> <span class='ocrx_word' id='word_1_340' title='bbox 1374 1963 1422 2003; x_wconf 86' lang='lat' dir='ltr'>ad</span> <span class='ocrx_word' id='word_1_341' title='bbox 1435 1968 1640 2015; x_wconf 80' lang='lat' dir='ltr'>praemiffo-</span> 
     </span>
     <span class='ocr_line' id='line_1_37' title="bbox 325 2012 1638 2068; baseline 0.006 -18"><span class='ocrx_word' id='word_1_342' title='bbox 325 2025 409 2051; x_wconf 90' lang='lat' dir='ltr'>rum</span> <span class='ocrx_word' id='word_1_343' title='bbox 428 2012 608 2053; x_wconf 64' lang='lat' dir='ltr'>effectum</span> <span class='ocrx_word' id='word_1_344' title='bbox 623 2013 837 2064; x_wconf 88' lang='lat' dir='ltr'>specialiter</span> <span class='ocrx_word' id='word_1_345' title='bbox 853 2041 866 2058; x_wconf 90' lang='lat'>,</span> <span class='ocrx_word' id='word_1_346' title='bbox 891 2014 929 2053; x_wconf 64' lang='grc' dir='ltr'>ὃς</span> <span class='ocrx_word' id='word_1_347' title='bbox 944 2015 1113 2066; x_wconf 80' lang='lat' dir='ltr'>expresse</span> <span class='ocrx_word' id='word_1_348' title='bbox 1125 2015 1357 2063; x_wconf 85' lang='lat' dir='ltr'>derogamus</span> <span class='ocrx_word' id='word_1_349' title='bbox 1374 2042 1386 2060; x_wconf 93' lang='lat'>,</span> <span class='ocrx_word' id='word_1_350' title='bbox 1413 2028 1457 2055; x_wconf 94' lang='lat' dir='ltr'>ac</span> <span class='ocrx_word' id='word_1_351' title='bbox 1471 2018 1638 2068; x_wconf 90' lang='lat' dir='ltr'>deroga-</span> 
     </span>
     <span class='ocr_line' id='line_1_38' title="bbox 325 2063 1533 2119; baseline 0.006 -18"><span class='ocrx_word' id='word_1_352' title='bbox 325 2072 407 2109; x_wconf 83' lang='lat' dir='ltr'>tum</span> <span class='ocrx_word' id='word_1_353' title='bbox 434 2063 506 2103; x_wconf 80' lang='lat' dir='ltr'>effe</span> <span class='ocrx_word' id='word_1_354' title='bbox 523 2067 727 2111; x_wconf 86' lang='lat' dir='ltr'>volumus,</span> <span class='ocrx_word' id='word_1_355' title='bbox 753 2065 962 2115; x_wconf 84' lang='lat' dir='ltr'>ceterisque</span> <span class='ocrx_word' id='word_1_356' title='bbox 986 2068 1189 2106; x_wconf 86' lang='lat' dir='ltr'>contrariis</span> <span class='ocrx_word' id='word_1_357' title='bbox 1200 2068 1499 2119; x_wconf 86' lang='lat' dir='ltr'>quibuscumque</span> <span class='ocrx_word' id='word_1_358' title='bbox 1523 2098 1533 2108; x_wconf 89' lang='lat'><strong><em>.</em></strong></span> 
     </span>
    </p>

    <p class='ocr_par' dir='ltr' id='par_1_8' title="bbox 317 2116 1636 2471">
     <span class='ocr_line' id='line_1_39' title="bbox 433 2116 1636 2168; baseline 0.006 -14"><span class='ocrx_word' id='word_1_359' title='bbox 433 2116 494 2154; x_wconf 91' lang='lat' dir='ltr'>Ad</span> <span class='ocrx_word' id='word_1_360' title='bbox 514 2120 585 2157; x_wconf 92' lang='lat' dir='ltr'>hoc</span> <span class='ocrx_word' id='word_1_361' title='bbox 603 2128 750 2164; x_wconf 88' lang='lat' dir='ltr'>autern,</span> <span class='ocrx_word' id='word_1_362' title='bbox 764 2126 804 2156; x_wconf 86' lang='lat' dir='ltr'>ut</span> <span class='ocrx_word' id='word_1_363' title='bbox 822 2118 1020 2168; x_wconf 81' lang='lat' dir='ltr'>praesentes</span> <span class='ocrx_word' id='word_1_364' title='bbox 1034 2118 1173 2158; x_wconf 83' lang='lat' dir='ltr'>Literae</span> <span class='ocrx_word' id='word_1_365' title='bbox 1190 2119 1239 2158; x_wconf 88' lang='lat' dir='ltr'>ad</span> <span class='ocrx_word' id='word_1_366' title='bbox 1254 2120 1434 2158; x_wconf 87' lang='lat' dir='ltr'>omnium</span> <span class='ocrx_word' id='word_1_367' title='bbox 1452 2120 1636 2161; x_wconf 84' lang='lat' dir='ltr'>notitiam</span> 
     </span>
     <span class='ocr_line' id='line_1_40' title="bbox 319 2166 1634 2222; baseline 0.006 -17"><span class='ocrx_word' id='word_1_368' title='bbox 319 2166 472 2206; x_wconf 78' lang='lat' dir='ltr'>facilius</span> <span class='ocrx_word' id='word_1_369' title='bbox 488 2168 698 2209; x_wconf 83' lang='lat' dir='ltr'>deveniant</span> <span class='ocrx_word' id='word_1_370' title='bbox 716 2197 729 2215; x_wconf 90' lang='lat'>,</span> <span class='ocrx_word' id='word_1_371' title='bbox 756 2170 792 2209; x_wconf 84' lang='lat'><strong>&amp;</strong></span> <span class='ocrx_word' id='word_1_372' title='bbox 809 2182 924 2208; x_wconf 89' lang='lat' dir='ltr'>nemo</span> <span class='ocrx_word' id='word_1_373' title='bbox 936 2171 1091 2210; x_wconf 89' lang='lat' dir='ltr'>illarum</span> <span class='ocrx_word' id='word_1_374' title='bbox 1105 2171 1366 2221; x_wconf 86' lang='lat' dir='ltr'>ignorantiam</span> <span class='ocrx_word' id='word_1_375' title='bbox 1381 2172 1546 2222; x_wconf 88' lang='lat' dir='ltr'>allegare</span> <span class='ocrx_word' id='word_1_376' title='bbox 1563 2186 1634 2212; x_wconf 84' lang='lat' dir='ltr'>va-</span> 
     </span>
     <span class='ocr_line' id='line_1_41' title="bbox 317 2220 1635 2272; baseline 0.005 -15"><span class='ocrx_word' id='word_1_377' title='bbox 317 2220 396 2257; x_wconf 89' lang='lat' dir='ltr'>leat</span> <span class='ocrx_word' id='word_1_378' title='bbox 413 2247 425 2265; x_wconf 94' lang='lat'>‚</span> <span class='ocrx_word' id='word_1_379' title='bbox 455 2222 632 2260; x_wconf 88' lang='lat' dir='ltr'>volumus</span> <span class='ocrx_word' id='word_1_380' title='bbox 649 2223 735 2261; x_wconf 90' lang='lat' dir='ltr'>illas</span> <span class='ocrx_word' id='word_1_381' title='bbox 747 2248 759 2266; x_wconf 95' lang='lat'>‚</span> <span class='ocrx_word' id='word_1_382' title='bbox 784 2222 845 2260; x_wconf 89' lang='lat' dir='ltr'>seu</span> <span class='ocrx_word' id='word_1_383' title='bbox 863 2235 997 2263; x_wconf 88' lang='lat' dir='ltr'>earum</span> <span class='ocrx_word' id='word_1_384' title='bbox 1028 2224 1204 2272; x_wconf 82' lang='lat' dir='ltr'>exempla</span> <span class='ocrx_word' id='word_1_385' title='bbox 1231 2224 1279 2262; x_wconf 88' lang='lat' dir='ltr'>ad</span> <span class='ocrx_word' id='word_1_386' title='bbox 1305 2224 1439 2262; x_wconf 85' lang='lat' dir='ltr'>valvas</span> <span class='ocrx_word' id='word_1_387' title='bbox 1463 2226 1635 2264; x_wconf 80' lang='lat' dir='ltr'>Ecclefiae</span> 
     </span>
     <span class='ocr_line' id='line_1_42' title="bbox 317 2270 1636 2325; baseline 0.005 -16"><span class='ocrx_word' id='word_1_388' title='bbox 317 2270 585 2312; x_wconf 84' lang='lat' dir='ltr'>Lateranensis</span> <span class='ocrx_word' id='word_1_389' title='bbox 597 2301 608 2318; x_wconf 90' lang='lat'><strong><em>‚</em></strong></span> <span class='ocrx_word' id='word_1_390' title='bbox 620 2276 657 2314; x_wconf 84' lang='lat'>&amp;</span> <span class='ocrx_word' id='word_1_391' title='bbox 672 2273 834 2312; x_wconf 84' lang='lat' dir='ltr'>Bafilicae</span> <span class='ocrx_word' id='word_1_392' title='bbox 849 2274 1035 2325; x_wconf 88' lang='lat' dir='ltr'>Principis</span> <span class='ocrx_word' id='word_1_393' title='bbox 1049 2275 1326 2325; x_wconf 87' lang='lat' dir='ltr'>Apostolorum</span> <span class='ocrx_word' id='word_1_394' title='bbox 1340 2303 1351 2321; x_wconf 91' lang='lat'>,</span> <span class='ocrx_word' id='word_1_395' title='bbox 1364 2288 1515 2314; x_wconf 89' lang='lat' dir='ltr'>necnon</span> <span class='ocrx_word' id='word_1_396' title='bbox 1528 2276 1636 2316; x_wconf 83' lang='lat' dir='ltr'>Can-</span> 
     </span>
     <span class='ocr_line' id='line_1_43' title="bbox 319 2323 1634 2376; baseline 0.005 -16"><span class='ocrx_word' id='word_1_397' title='bbox 319 2323 485 2362; x_wconf 81' lang='lat' dir='ltr'>cellariae</span> <span class='ocrx_word' id='word_1_398' title='bbox 507 2324 738 2374; x_wconf 82' lang='lat' dir='ltr'>Apostolicae</span> <span class='ocrx_word' id='word_1_399' title='bbox 754 2353 766 2371; x_wconf 93' lang='lat'>‚</span> <span class='ocrx_word' id='word_1_400' title='bbox 791 2325 988 2375; x_wconf 80' lang='lat' dir='ltr'>Curiaeque</span> <span class='ocrx_word' id='word_1_401' title='bbox 1003 2328 1192 2375; x_wconf 76' lang='lat' dir='ltr'>generalis</span> <span class='ocrx_word' id='word_1_402' title='bbox 1208 2328 1246 2367; x_wconf 91' lang='lat' dir='ltr'>in</span> <span class='ocrx_word' id='word_1_403' title='bbox 1262 2328 1401 2366; x_wconf 88' lang='lat' dir='ltr'>Monte</span> <span class='ocrx_word' id='word_1_404' title='bbox 1417 2329 1609 2368; x_wconf 83' lang='lat' dir='ltr'>Citatorio</span> <span class='ocrx_word' id='word_1_405' title='bbox 1621 2358 1634 2376; x_wconf 93' lang='lat'>,</span> 
     </span>
     <span class='ocr_line' id='line_1_44' title="bbox 321 2375 1635 2471; baseline 0.004 -58"><span class='ocrx_word' id='word_1_406' title='bbox 321 2385 367 2414; x_wconf 89' lang='lat' dir='ltr'>ac</span> <span class='ocrx_word' id='word_1_407' title='bbox 395 2375 433 2414; x_wconf 88' lang='lat' dir='ltr'>in</span> <span class='ocrx_word' id='word_1_408' title='bbox 447 2376 551 2423; x_wconf 85' lang='lat' dir='ltr'>Acie</span> <span class='ocrx_word' id='word_1_409' title='bbox 563 2376 706 2428; x_wconf 87' lang='lat' dir='ltr'>Campi</span> <span class='ocrx_word' id='word_1_410' title='bbox 721 2377 839 2416; x_wconf 84' lang='lat' dir='ltr'>Florae</span> <span class='ocrx_word' id='word_1_411' title='bbox 855 2377 903 2418; x_wconf 88' lang='lat' dir='ltr'>de</span> <span class='ocrx_word' id='word_1_412' title='bbox 918 2379 1026 2419; x_wconf 89' lang='lat' dir='ltr'>Urbe</span> <span class='ocrx_word' id='word_1_413' title='bbox 1040 2407 1051 2424; x_wconf 93' lang='lat'>,</span> <span class='ocrx_word' id='word_1_414' title='bbox 1074 2388 1117 2418; x_wconf 91' lang='lat' dir='ltr'>ut</span> <span class='ocrx_word' id='word_1_415' title='bbox 1130 2381 1250 2420; x_wconf 88' lang='lat' dir='ltr'>moris</span> <span class='ocrx_word' id='word_1_416' title='bbox 1265 2381 1315 2419; x_wconf 88' lang='lat' dir='ltr'>est</span> <span class='ocrx_word' id='word_1_417' title='bbox 1328 2406 1340 2426; x_wconf 87' lang='lat'>,</span> <span class='ocrx_word' id='word_1_418' title='bbox 1357 2378 1461 2431; x_wconf 85' lang='lat' dir='ltr'>affigi</span> <span class='ocrx_word' id='word_1_419' title='bbox 1473 2379 1544 2471; x_wconf 39' lang='lat'>{³152</span> <span class='ocrx_word' id='word_1_420' title='bbox 1563 2393 1635 2429; x_wconf 88' lang='lat' dir='ltr'>pu·—</span> 
     </span>
    </p>

    <p class='ocr_par' dir='ltr' id='par_1_9' title="bbox 1008 2432 1634 2475">
     <span class='ocr_line' id='line_1_45' title="bbox 1008 2432 1634 2475; baseline 0.003 -6"><span class='ocrx_word' id='word_1_421' title='bbox 1008 2432 1054 2471; x_wconf 87' lang='lat' dir='ltr'>M</span> <span class='ocrx_word' id='word_1_422' title='bbox 1069 2444 1108 2470; x_wconf 90' lang='lat' dir='ltr'><strong>m</strong></span> <span class='ocrx_word' id='word_1_423' title='bbox 1138 2445 1156 2469; x_wconf 82' lang='lat'>2</span> <span class='ocrx_word' id='word_1_424' title='bbox 1516 2432 1634 2475; x_wconf 80' lang='lat' dir='ltr'>icari,-</span> 
     </span>
    </p>
   </div>
   <div class='ocr_carea' id='block_1_7' title="bbox 1673 1491 1955 1610">
    <p class='ocr_par' dir='ltr' id='par_1_10' title="bbox 1673 1491 1955 1610">
     <span class='ocr_line' id='line_1_46' title="bbox 1706 1491 1955 1525; baseline 0.004 -1"><span class='ocrx_word' id='word_1_425' title='bbox 1706 1491 1886 1524; x_wconf 75' lang='lat' dir='ltr'>Contrariis</span> <span class='ocrx_word' id='word_1_426' title='bbox 1916 1505 1955 1525; x_wconf 91' lang='lat' dir='ltr'>o-</span> 
     </span>
     <span class='ocr_line' id='line_1_47' title="bbox 1673 1536 1953 1576; baseline 0.011 -11"><span class='ocrx_word' id='word_1_427' title='bbox 1673 1536 1801 1567; x_wconf 87' lang='lat' dir='ltr'>mnibus</span> <span class='ocrx_word' id='word_1_428' title='bbox 1814 1537 1953 1576; x_wconf 77' lang='lat' dir='ltr'>deroga-</span> 
     </span>
     <span class='ocr_line' id='line_1_48' title="bbox 1673 1585 1751 1610; baseline 0.013 -1"><span class='ocrx_word' id='word_1_429' title='bbox 1673 1585 1725 1609; x_wconf 77' lang='lat' dir='ltr'>tur</span> <span class='ocrx_word' id='word_1_430' title='bbox 1741 1599 1751 1610; x_wconf 70' lang='grc' dir='ltr'><strong>ο</strong></span> 
     </span>
    </p>
   </div>
   <div class='ocr_carea' id='block_1_8' title="bbox 1666 2156 1946 2274">
    <p class='ocr_par' dir='ltr' id='par_1_11' title="bbox 1666 2156 1946 2274">
     <span class='ocr_line' id='line_1_49' title="bbox 1668 2156 1946 2198; baseline 0.011 -11"><span class='ocrx_word' id='word_1_431' title='bbox 1668 2156 1864 2188; x_wconf 81' lang='lat' dir='ltr'>Mandatum</span> <span class='ocrx_word' id='word_1_432' title='bbox 1889 2169 1946 2198; x_wconf 88' lang='lat' dir='ltr'>pro</span> 
     </span>
     <span class='ocr_line' id='line_1_50' title="bbox 1668 2197 1944 2239; baseline 0.014 -11"><span class='ocrx_word' id='word_1_433' title='bbox 1668 2197 1761 2229; x_wconf 83' lang='lat' dir='ltr'>solita</span> <span class='ocrx_word' id='word_1_434' title='bbox 1785 2200 1944 2239; x_wconf 75' lang='lat' dir='ltr'>publica..-</span> 
     </span>
     <span class='ocr_line' id='line_1_51' title="bbox 1666 2240 1837 2274; baseline 0.012 -2"><span class='ocrx_word' id='word_1_435' title='bbox 1666 2240 1837 2274; x_wconf 82' lang='lat' dir='ltr'>affixione.</span> 
     </span>
    </p>
   </div>
  </div>
 </body>
</html>
