2043 2958
594 239 656 268 Ao
679 218 961 269 CONCILIUM
979 214 1098 265 RoM
1110 231 1237 261 ANUM
1258 244 1269 257 .
1485 219 1587 261 279

277 292 503 334 declarandi
537 292 767 332 methodum
785 316 796 335 ‚
825 296 869 326 ut
897 287 1064 337 ejusdem
1093 280 1273 336 Gregorii
1304 276 1588 330 Praedecess'oris

283 358 395 385 mens
425 345 574 395 plenius
591 343 812 384 executioni
826 342 1150 384 demandaretur,
1172 332 1303 376 Curiis
1320 329 1590 383 Eccleiiasticis

278 399 517 449 praeicribere
535 398 760 448 cogitabant
775 411 791 438 ‚-
818 395 879 434 sed
897 398 945 435 ab
956 393 1042 434 aliis
1055 390 1224 433 distrac‘ti
1238 399 1352 432 curis,
1367 397 1410 424 ac
1428 384 1591 423 interim

281 459 413 489 morte
431 451 614 500 praeventi
628 478 639 497 ,
652 448 841 494 destinata
854 448 1033 499 perficere
1049 447 1304 491 nequiverunt
1319 469 1328 478 .
1353 437 1457 477 Hinc
1470 436 1591 492 igitur
1659 444 1894 487 Gregoriana..

281 503 334 541 est
348 530 360 549 ‚
375 502 478 560 quud
491 503 587 550 Nos,
602 504 766 541 omnino
781 502 957 553 expedire
968 503 1202 540 arbitrantes
1217 522 1228 541 ‚
1239 501 1282 531 ut
1295 489 1479 539 ejusmodi
1495 496 1590 524 con·
1616 504 1715 542 nunc·
1726 487 1791 530 ipsa
1804 489 1894 534 Con·-

283 555 478 594 troversus
499 553 588 595 finis
610 553 820 604 aliquando
842 553 1067 604 imponatur
1081 579 1092 598 ‚
1120 547 1424 591 eorumdemque
1440 537 1590 579 Praede-
1615 538 1740 587 {tt-tutio
1752 540 1824 602 cugn
1838 538 1900 567 pn-

282 607 468 664 cefforum
494 610 557 657 pio
571 636 583 655 ‚
609 616 725 657 atque
738 608 875 647 salubri
892 609 1082 658 propofito
1096 603 1326 642 inhaerentes
1341 624 1352 642 ‚
1368 594 1483 633 Motu
1500 602 1591 641 pro·
1619 589 1680 654 Ἐξ
1724 583 1786 607 ⁶⁰¹¹
1813 579 1896 602 ‘¹¹¹³‘

282 671 380 709 prio,
392 671 438 697 ex
452 669 561 716 certa
579 660 734 699 scientia
749 687 760 706 ,
774 672 818 700 ac
834 669 985 699 matura
997 655 1277 698 deliberatione
1292 646 1458 691 Nostris,
1470 644 1594 700 deque
1688 641 1698 651 “

283 711 515 759 Apostolicae
540 713 738 762 potestatis
761 711 1000 763 plenitudine
1016 739 1029 758 ,
1056 713 1127 749 hac
1139 707 1280 747 Nostra
1292 698 1477 753 perpetuo
1497 695 1597 751 vali-

283 770 370 801 tura
387 762 677 819 Constitutione
693 792 704 810 ‚
730 765 770 805 in
799 764 935 816 primis
961 763 1166 815 providam
1189 752 1400 797 memorati
1415 750 1599 807 Gregorii

283 814 566 855 Praedecesloris
579 815 910 856 Constitutionem
925 829 1012 855 cum
1029 814 1209 853 omnibus
1224 839 1235 855 ‚
1261 810 1298 848 ὃ(
1312 802 1483 854 fingulss,
1499 810 1540 836 m
1555 808 1600 835 <³³-

287 867 486 903 contentis
498 892 510 911 2
534 877 653 915 atque
664 867 850 914 dispofitis
864 894 876 911 ,
889 866 1120 914 ampliffime
1131 861 1412 902 confirmamus
1427 880 1439 898 ‚
1466 860 1603 906 appro-

284 917 421 956 bamus
437 943 449 963 2
466 916 748 956 &innovamus
763 945 773 961 ‚
792 918 844 963 &‚
860 926 1053 967 quatenus
1067 927 1162 964 opus
1176 915 1220 951 sit
1235 939 1246 957 ‚
1260 908 1468 948 criminum
1481 903 1519 939 in
1533 900 1602 938 illa

286 977 536 1025 eitceptorum
552 967 629 1008 reis
643 994 656 1014 ‚
684 970 723 1007 δι
748 967 1068 1018 delinquentibus
1082 996 1093 1014 ‚
1106 963 1404 1005 Immunitatem
1418 954 1606 994 Ecclesia-

287 1021 424 1059 sticam
441 1018 636 1071 suffragari
661 1031 907 1070 nequaquam
929 1020 1070 1058 debere
1083 1021 1228 1057 iterum
1243 1043 1254 1061 ‚
1280 1025 1324 1051 ac
1348 1010 1395 1049 de
1412 1018 1517 1047 novo
1532 1005 1604 1062 de·

287 1073 484 1110 cernimus
499 1097 510 1117 ‚
533 1072 571 1110 ὃ(
587 1071 829 1111 declaramus
843 1101 852 1110 .
884 1071 1072 1110 Praeterea
1096 1082 1171 1107 non
1192 1068 1330 1114 absque
1358 1059 1467 1111 gravi
1483 1056 1605 1095 animi

288 1123 420 1162 Nostri
434 1124 570 1164 dolore
587 1123 958 1169 animadvertentes,
971 1123 1022 1161 ob
1034 1123 1203 1163 audiam,
1215 1127 1330 1166 atque
1345 1112 1383 1153 in
1399 1112 1479 1150 dies
1494 1110 1608 1166 inva-

288 1175 497 1215 lescentem
521 1176 785 1227 perversorum
798 1177 1002 1215 hominum
1017 1175 1236 1217 malitiam,
1262 1170 1352 1217 sepe
1370 1192 1381 1210 2
1410 1175 1453 1202 ac
1478 1162 1607 1218 sjaepl'lls

292 1228 479 1266 nonnulla
510 1230 586 1267 alia
608 1226 746 1277 gravia
780 1227 943 1266 crimina
971 1225 1210 1276 perpetrari,
1239 1233 1319 1271 quae
1347 1229 1424 1256 non
1450 1215 1578 1251 nunus
1595 1238 1608 1257 ‚

290 1280 406 1335 quam
423 1279 492 1317 illa
508 1281 547 1319 in
565 1279 806 1328 Gregoriana
819 1277 1110 1318 Constitutione
1124 1305 1135 1321 ‚
1152 1286 1194 1314 ut
1212 1272 1419 1323 praefertur‚
1437 1273 1609 1314 excepta,

291 1332 491 1387 publicam
508 1333 681 1381 quietem
698 1331 924 1380 perturbant
938 1358 950 1377 ‚
975 1329 1136 1379 proinde
1153 1327 1200 1366 ad
1212 1318 1525 1371 delinquentium
1539 1326 1611 1353 au-

292 1382 448 1438 daciam
466 1409 478 1428 ‚
503 1395 548 1422 ac
574 1381 760 1429 ejusmodi
775 1382 1005 1422 delit‘torurn
1021 1380 1278 1430 frequentiam
1300 1402 1311 1420 ‚
1327 1371 1515 1419 quantum
1530 1366 1612 1405 fieri

292 1442 440 1484 poterit
455 1460 467 1479 ‚
497 1433 751 1473 coercendam
763 1460 775 1478 ‚
798 1446 865 1483 pro
881 1434 1093 1482 Apostolici
1121 1427 1292 1469 muneris
1307 1420 1436 1463 Nostri
1454 1419 1588 1457 debito
1600 1445 1613 1463 ,

291 1497 337 1525 ea
350 1513 361 1532 ‚
385 1498 466 1534 quae
483 1485 644 1525 inferius
661 1483 954 1534 explicabuntur
968 1513 980 1532 ,
995 1483 1196 1523 statuenda
1215 1478 1428 1519 censuimus
1445 1501 1456 1511 .

398 1539 504 1578 Cum
532 1538 660 1586 itaque
690 1537 870 1586 praedieta
893 1537 1134 1587 Gregoriana
1149 1529 1439 1573 Constitutione
1456 1531 1615 1562 cautum

296 1590 342 1629 fit
357 1616 369 1635 ,
395 1598 437 1627 ut
465 1589 626 1639 publicis
641 1589 882 1635 latronibus,
906 1589 1136 1637 viarumque
1150 1581 1421 1636 graflatoribus
1435 1605 1446 1623 ,
1468 1574 1532 1625 <issi
1548 1574 1616 1612 iti-
1642 1579 1781 1630 Qdam
1797 1577 1921 1625 ‘³²3⁰‘

300 1653 397 1680 nera
411 1640 659 1689 frequentata
675 1668 688 1686 ‚
716 1642 778 1679 vel
798 1642 969 1689 publicas
983 1642 1117 1678 stratas
1141 1636 1316 1676 obfideut
1331 1660 1342 1677 ‚
1365 1638 1429 1670 aut
1449 1629 1617 1666 viatores
1644 1632 1737 1672 nan-a:
1753 1619 1919 1650 Constan-

293 1706 342 1732 ⁶³<
365 1692 510 1731 i¹¹s¹di¹³
536 1692 817 1744 aggrediuntur
839 1720 849 1737 ι
892 1689 1129 1731 Immunitas
1159 1683 1422 1727 Ecclefiastica
1454 1677 1616 1718 minime
1643 1659 1850 1738 {¹¹⁰ffinffiffi‘
1863 1659 1920 1689 de-

294 1743 541 1796 suffrageturs
561 1756 638 1782 non
655 1744 752 1782 levis
767 1751 903 1782 autem
927 1744 1029 1781 inter
1043 1744 1234 1781 Docstores
1250 1734 1444 1776 emerserit
1459 1739 1619 1769 contro·
1675 1718 1691 1738 ²
1816 1723 1826 1735 ⁸

297 1797 416 1835 versia
429 1823 441 1841 ,
466 1808 515 1834 an
529 1796 613 1844 quis
625 1806 670 1832 ex
683 1794 798 1832 unico
825 1796 912 1832 acstu
945 1794 1120 1842 publicus
1136 1793 1234 1829 latro
1249 1817 1260 1834 ,
1290 1788 1329 1827 ὃς
1341 1784 1525 1836 graffator
1541 1781 1618 1820 dici

297 1846 408 1898 poffit
420 1874 433 1893 ‚
445 1847 508 1885 vel
528 1848 653 1895 plures
676 1845 724 1884 ad
737 1845 775 1884 id
787 1847 892 1884 aetus
908 1845 1152 1895 requirantur
1169 1855 1177 1880 :
1206 1841 1303 1883 Nos,
1319 1834 1502 1883 ejusmodi
1516 1845 1614 1871 con-

300 1899 528 1955 troversiam
557 1898 742 1936 dirimere
756 1896 1001 1936 intendentes
1017 1925 1028 1941 ‚
1054 1896 1207 1934 unicam
1231 1893 1384 1932 tantum
1411 1884 1614 1937 grassatio-

302 1963 393 1989 nem
418 1962 459 2005 in
475 1961 538 1987 via
561 1949 716 1998 publica
733 1977 744 1995 ‚
763 1958 828 1989 aut
850 1949 1007 1987 vicinali
1022 1946 1227 1986 admissam
1246 1971 1257 1989 ‚
1272 1941 1440 1980 sufficere
1453 1938 1500 1977 ad
1515 1940 1613 1983 hoc,
1640 1961 1643 1964 ι

300 2012 341 2042 ut
366 2013 449 2052 qu1s
480 1999 654 2051 publicus
669 2002 793 2046 latro,
818 2002 858 2040 &
880 2000 1074 2052 grassator
1101 1999 1178 2037 dici
1209 1996 1339 2034 valeat
1353 2008 1368 2034 ,-
1398 1989 1614 2030 dummodo

301 2064 436 2094 tamen
453 2053 618 2105 grassati
633 2065 753 2098 mors,
770 2061 836 2091 aut
851 2053 1118 2091 membrorum
1131 2044 1330 2088 mutilatio
1344 2045 1470 2083 secuta
1481 2041 1613 2087 fuerit,

303 2115 439 2146 tenore
455 2104 697 2155 praesentium
713 2104 921 2144 definimus
939 2133 951 2149 ‚
968 2108 1005 2144 ὃ(
1017 2104 1260 2143 declaramus
1273 2126 1281 2135 .

406 2158 561 2206 Insuper
591 2158 639 2196 ab
654 2157 918 2196 Ecclesiasticae
932 2153 1201 2196 Immunitatis
1225 2147 1418 2190 beneficio
1442 2144 1614 2185 excludi-

302 2222 389 2250 mus
404 2237 417 2257 ,
443 2220 558 2260 atque
575 2208 796 2259 repellimus
812 2236 824 2255 ,
841 2207 877 2247 ὃ(
895 2221 962 2258 pro
975 2208 1136 2248 exclusis
1150 2234 1161 2251 ‚
1180 2212 1296 2252 atque
1312 2199 1470 2250 repulsis
1482 2196 1614 2235 haberi

308 2265 509 2307 Volumus,
525 2261 666 2300 nedum
683 2272 748 2300 eos
761 2289 773 2307 ‚
786 2263 850 2311 qui
865 2261 1072 2299 homicidia
1087 2287 1099 2305 ‚
1123 2266 1189 2298 aut
1205 2254 1471 2294 mutilationes
1488 2260 1614 2288 mem-

305 2316 464 2353 brorum
495 2314 534 2353 in
561 2313 735 2353 Ecclefiis
749 2339 761 2358 ‚
788 2326 973 2353 earumve
998 2309 1247 2353 Coemeteriis
1273 2304 1518 2346 committere
1543 2311 1612 2338 au-

307 2367 428 2414 dent,
457 2365 786 2417 quemadmodum
808 2366 849 2407 in
864 2365 1104 2418 Gregoriana
1119 2361 1406 2405 Constitutione
1422 2354 1609 2442 sancitudn
1638 2361 1734 2393 Nova
1746 2359 1920 2394 deliciare-

1534 2417 1553 2443 e
1598 2415 1608 2442 :
