2043 2958
428 239 524 297 196⁴
887 235 1258 283 Appame

422 307 589 347 ‹stiffimo
599 306 772 346 Domino
786 304 928 343 Nostro
944 306 1167 345 BENEmcro
1189 307 1292 354 Papa
1305 302 1413 343 XIII.
1438 303 1571 343 habita
1600 305 1639 343 iu
1656 305 1733 343 Ba-

419 361 523 399 suica
537 357 1051 406 Later-anenfi‚praescriptum
1066 359 1126 403 fit,
1141 366 1181 395 ut
1201 355 1404 395 Instruetio
1419 358 1602 394 haetenus
1616 357 1733 394 omis-

385 406 388 410 *
422 412 460 450 sa
477 440 487 456 ‚
515 412 536 449 a
558 412 671 448 Sacra
698 409 864 448 Concilii
891 408 1211 461 Congregatione
1240 409 1419 448 ederetur
1436 423 1451 449 ,-
1481 410 1556 446 haec
1586 407 1733 446 idcirco

423 462 629 501 Instruftio
647 462 786 510 publici
799 461 893 506 juris
909 459 977 506 fit,
1006 471 1046 500 ut
1064 463 1101 499 in
1120 461 1386 501 Relationibus
1402 462 1567 499 statuum
1584 460 1735 499 suarum

421 515 673 552 Ecclefiarum
688 541 699 558 ‚
726 514 773 551 ad
790 513 954 551 eandem
969 513 1053 559 Sac.
1070 514 1430 566 Congregationem
1457 513 1494 551 in
1522 513 1736 561 posterum-2

418 565 747 610 transmittendis,
763 575 898 604 curent
913 565 1109 614 Episcopi,
1121 566 1409 614 Archiepiscopi
1427 593 1437 610 ‚
1454 562 1647 602 Primates
1660 592 1671 609 ‚
1699 570 1737 605 ὅί

417 616 651 655 Patriarchae
682 617 746 666 ipsi
761 618 797 655 se
811 617 1055 655 conformare
1070 645 1080 662 ‚
1109 617 1146 654 δέ
1170 619 1251 656 suas
1266 619 1489 656 Relationes
1503 616 1551 653 ad
1566 616 1738 663 quaedam

421 669 596 707 distinsta
609 668 749 716 Capita
767 669 964 714 reducere,
979 681 1141 718 quorum
1159 669 1200 707 Px
1210 670 1330 707 imum
1347 669 1394 706 ad
1410 671 1551 707 statum
1568 667 1738 707 Ecclefiae

420 718 669 759 materialem
688 747 700 766 ,
719 721 935 758 Secundum
951 720 998 758 ad
1013 721 1216 759 Personam
1234 722 1346 770 ipfius
1364 720 1580 758 Referentis
1598 749 1609 766 ‚
1636 720 1738 758 Ter-

422 772 522 811 tium
537 772 586 810 ad
600 773 760 810 Clerum
776 773 1005 812 Saecularem
1022 801 1033 818 ‚
1046 772 1240 823 Qartum
1258 773 1303 811 ad
1319 772 1480 812 Clerum
1495 772 1738 821 Regularem,

424 824 622 872 Quintum
650 824 698 862 ad
714 825 910 863 Moniales
926 852 937 869 ‚
959 825 1117 863 Sextum
1138 826 1185 863 ad
1203 826 1463 862 Seminarium
1480 852 1492 869 ‚
1522 824 1740 872 Septimum

421 876 472 914 ad
491 875 675 913 Ecclefias
694 902 705 919 ,
718 876 1075 913 Confraternitates
1089 903 1100 918 ‚
1114 879 1151 915 &
1167 877 1268 913 Loca
1284 876 1351 912 Pia
1366 903 1377 918 ‚
1394 875 1651 913 Oetavum'ad
1665 875 1738 913 Po-

421 928 581 976 pulum,
609 928 645 966 ὃ(
661 926 856 965 Ultimum
880 926 1043 975 denique
1064 927 1253 965 referatur
1281 925 1331 972 ad,
1350 926 1566 973 postulata,
1588 939 1667 977 quae
1689 928 1736 966 ab

420 978 500 1026 ipso
512 978 715 1018 Referente
733 979 854 1016 Sacrae
869 977 1177 1031 Congregationi
1195 985 1459 1030 proponuntur
1474 1005 1484 1016 .

1034 1068 1072 1103 5.
1107 1066 1136 1101 I.

567 1143 625 1181 De
636 1142 758 1180 Primo
775 1143 976 1180 Relationis
992 1143 1122 1191 Capite
1136 1169 1149 1187 ‚
1166 1144 1376 1190 pertinente
1400 1143 1447 1180 ad
1459 1143 1595 1190 statum

869 1193 1027 1240 Ecclcjsiae
1049 1195 1270 1232 materialem
1287 1221 1296 1230 .
1392 1190 1402 1199 ”

421 1289 467 1329 Iu
489 1292 565 1380 llioc
579 1291 704 1379 pirindo
721 1289 938 1347 Relationis
958 1291 1098 1340 Capite
1112 1289 1308 1339 sequentia
1322 1297 1433 1327 erunt
1447 1289 1672 1339 exponenda

519 1369 528 1379 .
623 1356 647 1380 n
683 1349 798 1379 itutro
811 1370 821 1379 .

486 1393 538 1430 11.
607 1392 791 1432 Confinia
807 1421 817 1431 .

470 1442 544 1481 111.
599 1444 804 1493 Privilegia
819 1472 830 1490 ‚
846 1447 884 1486 ὃς
898 1448 1160 1496 praerogativae
1176 1447 1426 1495 Episcopatus
1439 1475 1451 1492 ‚
1465 1445 1734 1494 Archiepisco-

421 1504 534 1546 patus
547 1521 559 1540 ‚
584 1504 650 1534 aut
672 1496 960 1538 Patriarchatus
975 1528 984 1537 .

474 1548 542 1586 IV.
601 1547 799 1604 Numerus
812 1550 1031 1589 Civitatum
1045 1578 1056 1596 ‚
1072 1551 1319 1601 Oppidorum
1331 1579 1343 1596 ,
1359 1559 1425 1589 aut
1437 1551 1631 1590 Locorum
1648 1578 1659 1596 ‚
1672 1548 1738 1600 qui

418 1598 678 1648 Episcopatul,
691 1598 1050 1650 Archiepiscopatui
1064 1631 1075 1646 ‚
1088 1613 1150 1640 aut
1167 1603 1448 1641 Patriarchatui
1462 1604 1618 1648 subjecti
1632 1603 1714 1640 sunt
1727 1630 1737 1640 .

472 1651 521 1689 V.
581 1651 712 1688 Status
727 1650 972 1691 Cathedralis
988 1680 998 1696 ,
1014 1654 1331 1701 Metropolitauae
1346 1681 1357 1698 ‚
1384 1664 1451 1692 aut
1466 1652 1738 1692 patriarchalis

419 1700 597 1740 Ecclefiae
612 1728 621 1745 ‚
634 1703 710 1739 una
726 1714 815 1740 cum
830 1716 991 1742 numero
1004 1704 1311 1749 Canonicorum‚
1326 1705 1365 1743 ὃ(
1386 1704 1567 1750 aliorum,
1584 1706 1740 1744 servitio

419 1751 545 1792 Chori
562 1752 822 1799 addictorum,
839 1756 877 1794 δε
893 1768 941 1794 au
956 1758 1088 1794 erec‘tae
1097 1757 1240 1794 fuerint
1259 1756 1470 1795 Praebeudae
1484 1756 1741 1796 Poenitentiae-

420 1804 477 1843 ria
494 1832 505 1849 ‚
530 1805 568 1844 δι’
588 1805 844 1858 Theologalis
860 1834 869 1846 .

475 1856 544 1913 VI.
604 1856 734 1915 Status
758 1858 1013 1900 Ecclefiarum
1036 1860 1346 1911 Collegiatarum
1372 1864 1448 1901 una
1473 1875 1563 1901 cum
1579 1871 1742 1902 numero

415 1917 564 1957 pariter
579 1907 874 1951 Canonicorum
886 1940 899 1957 ,
915 1915 1184 1952 &ceterorum
1202 1942 1213 1959 ‚
1231 1914 1294 1964 qu'i
1315 1914 1455 1953 Choris
1471 1927 1605 1953 earum
1619 1916 1742 1953 inter-

419 1958 535 2004 sunt,
558 1960 597 1999 &
610 1972 658 1998 an
675 1961 713 1999 iu
730 1961 962 2014 collegiatis
976 1968 1102 2004 eretsta
1118 1966 1163 2003 fit
1182 1967 1389 2005 Praebenda
1409 1967 1690 2016 Theologalis.

475 2010 565 2050 VII.
577 2061 585 2068 ι
622 2013 749 2051 Status
765 2041 775 2058 ‚
795 2016 832 2053 &
851 2028 1033 2055 numerus
1049 2017 1303 2056 Ecelefiarum
1318 2019 1601 2057 Parochialium
1616 2046 1626 2062 ‚
1652 2030 1740 2057 nec-

425 2076 503 2102 non
535 2064 701 2119 allarum
732 2065 989 2106 Ecclefiarum
1002 2095 1013 2114 ‚
1044 2068 1082 2107 &
1107 2068 1382 2109 Oratoriorum
1413 2070 1451 2109 iu
1484 2070 1734 2119 Episcopatu,

424 2115 771 2165 Archiepiscopatu
787 2127 879 2163 ,aut
895 2119 1162 2159 patriarchatu
1176 2122 1420 2161 existentium
1435 2137 1451 2163 ,-
1473 2121 1671 2160 referendo
1692 2121 1742 2159 si·-

430 2174 595 2216 gnanter
609 2195 620 2213 ,
643 2180 689 2206 au
707 2168 955 2210 Cathedralis
968 2199 980 2217 ‚
998 2172 1304 2222 Metropolitana
1320 2202 1331 2219 ‚
1359 2183 1426 2213 aut
1442 2174 1716 2213 Patriarchalis
1730 2201 1744 2219 ,

429 2219 469 2257 δὲ
484 2218 712 2269 collegiatae
725 2248 735 2266 ,
748 2221 933 2261 Oratoria
950 2251 961 2269 ‚
984 2236 1133 2262 necnon
1152 2225 1397 2265 Parochiales
1409 2253 1421 2270 ‚
1449 2235 1656 2274 ceteraeque
1674 2226 1745 2264 Ec-

431 2270 551 2309 clefiae
579 2299 590 2316 ,
623 2272 696 2310 sint
726 2272 837 2312 sacris
868 2273 1163 2325 supellectilibus
1201 2277 1427 2317 sufficienter
1455 2278 1638 2316 instructae
1667 2305 1680 2324 ,
1709 2278 1746 2315 &L

435 2333 611 2381 quaenam
626 2336 671 2364 ex
686 2324 741 2363 eis
756 2327 923 2365 habeant
949 2327 1122 2367 redditus
1140 2342 1207 2379 pro
1221 2331 1365 2368 fabrica
1387 2329 1591 2378 affiguatos
1605 2358 1614 2367 .

493 2373 600 2413 vni.
658 2376 855 2418 Numerus
867 2379 1192 2420 Mouasteriorum
1207 2383 1287 2421 tam
1301 2380 1485 2421 Virorum
1499 2408 1511 2427 ‚
1527 2382 1640 2431 quam
1656 2382 1751 2420 Mu-

1685 2434 1755 2472 lie-
