2043 2958
242 460 469 502 1.C0r.5.v.3.

498 235 563 273 26
846 228 1458 282 CONCILIJROMANI

493 296 744 347 refidentes
758 333 773 354 ‚
801 316 1002 366 corpore
1023 300 1081 348 ab
1102 301 1209 350 aliis
1231 303 1399 354 absunt
1419 305 1632 372 Oppidis
1655 305 1801 355 Dioe-

492 367 621 425 cefi's,
640 369 855 417 studeant
877 385 993 420 tunc
1007 407 1024 430 ‚
1038 388 1091 421 ut
1111 372 1211 440 ipse
1231 375 1405 424 Paulus
1425 374 1577 437 ajebat
1597 411 1613 432 ,
1631 375 1804 443 spiritu

491 438 741 505 praesentes
760 448 772 464 ³
793 442 1021 491 omnibus
1041 447 1255 495 inveniri
1278 484 1288 495 .
1319 446 1448 514 quod
1469 445 1668 512 quidem
1687 447 1799 496 affe-

491 526 700 575 quentur
720 549 734 569 ‚
757 511 783 559 fi
802 514 902 579 post
922 515 1198 581 generalem
1214 518 1436 568 habitam
1452 515 1799 576 vificationem,

488 582 588 646 post
610 584 792 631 coafflias
816 585 1038 649 Synodos
1062 623 1076 643 ‚
1099 591 1146 637 ὃς
1166 589 1285 638 latas
1304 591 1431 656 leges
1446 592 1528 645 ,in
1548 604 1803 652 utramque

486 669 583 698 non
604 652 915 703 obdormiant
946 675 1142 714 amen-13
1181 658 1258 705 sed
1292 661 1350 704 de
1379 658 1479 722 ipsa
1497 657 1806 706 decretorum

489 726 775 772 executione
797 724 1006 783 soliciti,
1027 726 1191 775 fideles
1209 765 1225 786 ‚
1249 727 1375 777 ultra
1393 725 1556 776 Testes
1579 725 1802 790 Synoda-

486 791 575 850 les,
590 793 804 859 deligant
819 796 1195 856 comministros,
1210 797 1586 861 qui,Di02cefim
1601 802 1803 865 proprio

487 865 767 913 eorumdem
782 867 1134 933 Episcoporum
1155 863 1391 937 stinendio
1409 872 1763 916 circumeuntes
1782 907 1800 928 ,

484 933 576 981 him
610 952 752 999 atque
770 937 882 985 illac
904 937 1230 1006 pertranseant
1250 978 1266 999 ,
1301 943 1464 988 omnia
1481 974 1498 997 ,
1532 957 1591 986 an
1612 955 1701 1004 pro
1720 939 1801 987 de-

484 1000 593 1052 bito
610 1006 696 1053 smt
717 1008 999 1074 adimpleta,
1016 1010 1351 1073 perlustrantes
1367 1047 1383 1069 ,
1398 1012 1447 1060 &
1465 1007 1658 1078 populis
1679 1007 1796 1058 fiant

484 1070 640 1124 honus
660 1077 779 1124 odor
796 1081 847 1126 in
866 1083 1004 1126 omni
1023 1077 1132 1126 loco
1151 1114 1162 1126 .

943 1217 1168 1269 CAP.
1240 1218 1331 1268 II.

483 1317 537 1367 In
564 1320 820 1371 altioribus
848 1324 1053 1392 Dioeccfis
1085 1325 1190 1373 locis
1224 1326 1402 1375 Vicarii
1419 1325 1606 1392 ftraaezei
1637 1324 1799 1373 consti«

555 1393 720 1465 tuendi.
744 1395 900 1443 Eorum
918 1398 1176 1463 qualitates,
1193 1399 1247 1445 (9⁴
1261 1398 1400 1464 ffcia
1419 1395 1695 1461 recensentur
1709 1430 1721 1440 .

638 1496 817 1546 Icarios
851 1503 972 1548 item
1007 1500 1220 1549 foraneos
1257 1505 1311 1549 in
1340 1501 1554 1568 oppidis
1598 1499 1794 1567 infigni-

483 1497 621 1628 V
672 1567 761 1616 bus
779 1605 795 1625 ,
844 1569 925 1617 vel
962 1570 1047 1618 ubi
1082 1570 1308 1637 Episcopi
1335 1570 1514 1620 necesse
1541 1571 1798 1632 judicave-

483 1638 583 1682 rint
599 1672 615 1693 ,
648 1637 703 1683 ad
723 1637 792 1685 sui
811 1639 1176 1705 beneplacitum
1201 1641 1291 1706 ipsi
1314 1641 1630 1697 constituant3
1660 1645 1795 1706 iique

484 1724 650 1754 curam
667 1727 725 1756 ne
743 1707 953 1757 habeant
976 1714 1248 1759 animarum
1263 1746 1278 1768 ‚
1303 1725 1540 1777 quantum
1574 1709 1680 1757 fieri
1711 1728 1799 1777 po-

483 1776 568 1824 test
589 1813 604 1834 ,
632 1797 722 1845 pro
753 1779 943 1828 viribus
977 1779 1191 1830 studeant
1206 1819 1216 1829 .
1256 1782 1363 1830 Sint
1382 1785 1528 1846 etiam
1547 1779 1794 1837 dodirina,

483 1850 694 1913 pietate,
722 1851 771 1898 ὃ(
803 1851 1057 1916 prudentia
1093 1853 1318 1919 praediti,
1346 1855 1431 1917 qui
1459 1868 1549 1916 pro
1565 1850 1710 1907 Deo,
1743 1851 1793 1898 ὃς

483 1933 683 1984 propter
702 1918 870 1968 Deum
885 1957 900 1979 ,
917 1921 1239 1988 Evangelium
1259 1941 1357 1971 non
1376 1920 1658 1971 erubescant
1677 1956 1694 1978 ,
1716 1919 1794 1967 {ed

484 1986 542 2033 de
561 1988 895 2046 Clericorum,
916 1991 964 2037 &
983 1990 1247 2040 Laicorum
1267 1997 1370 2040 vita
1390 2027 1407 2048 ,
1425 2009 1476 2038 ac
1493 1991 1730 2047 moribus,
1748 1992 1798 2039 &

485 2058 730 2121 quomodo
747 2058 953 2107 Parochi
972 2096 988 2117 ,
1013 2060 1192 2128 aliique
1208 2065 1476 2110 animarum
1493 2062 1723 2111 Rastores
1741 2064 1794 2108 in

483 2126 708 2174 Pastorali
729 2127 888 2178 officio
912 2129 956 2178 se
976 2148 1143 2198 gerant
1163 2170 1179 2191 ,
1205 2133 1468 2199 diligenter
1502 2136 1753 2199 inquirant
1774 2169 1790 2189 ‚

487 2197 535 2245 &
562 2201 614 2246 in
652 2198 845 2248 laternis
882 2199 1186 2265 scrutentur3
1226 2204 1283 2252 ad
1301 2203 1560 2271 Episcopos
1582 2202 1791 2252 fideliter

488 2268 726 2327 delaturi,
753 2289 872 2321 num
892 2272 1067 2324 Clerus
1088 2311 1104 2333 ,
1125 2277 1173 2326 &
1187 2274 1401 2342 Populus
1419 2310 1435 2332 ,
1449 2289 1503 2322 ut
1522 2273 1658 2322 decet
1677 2310 1693 2332 ,
1713 2278 1790 2322 vi-

491 2354 634 2400 vant,
663 2359 780 2390 num
804 2348 1031 2411 proprius
1059 2350 1112 2395 in
1131 2345 1350 2396 Ecclefii·s
1383 2344 1541 2396 cultus
1563 2344 1788 2395 adhibea-

1679 2429 1795 2474 tur,
