2043 2958
603 236 910 288 Tmutus
967 236 1029 285 V.
1414 252 1469 283 21

628 343 674 394 C
710 344 762 393 A
798 343 850 392 Ρ.
926 340 949 389 Ι
981 341 1017 391 Ι.

201 414 450 483 Regulares
466 448 483 470 ‚
509 414 685 479 filorum
702 420 865 482 ‘vigore
892 412 1241 480 privilegiorum
1260 445 1276 468 ‚
1314 414 1407 459 tut&
1423 443 1439 466 ,

343 485 495 554 absque
525 505 640 534 novo
658 486 829 535 indulto
845 482 1101 551 Apostolico
1120 518 1137 540 ,
1167 498 1300 530 extra

489 572 681 622 tempora
707 556 854 622 scieris
890 558 1160 605 iniciantur.

344 660 429 711 U&
460 666 577 710 verb
599 662 655 709 ad
673 663 940 730 Regulares
960 696 976 717 ‚
1014 658 1273 729 privilegia
1305 677 1327 704 a
1348 657 1476 707 sum-

345 721 454 779 ⁸mis·
472 732 790 780 Pontificibus
809 731 1041 781 habentes
1060 768 1076 789 ,
1105 732 1199 780 five
1220 727 1440 793 expresse
1458 765 1476 786 ,

393 801 486 849 five
504 820 589 867 per
607 806 741 849 viam
761 803 1215 850 communicationis
1235 798 1444 845 concessa
1460 835 1475 856 ‚

172 868 324 919 sacros
345 870 579 919 videlicet
592 870 802 919 Ordines
823 884 958 920 extra
980 884 1197 937 tempora
1219 865 1480 933 suscipien-

170 940 219 987 di
239 960 254 998 3
286 959 402 988 cum
422 940 690 1008 Privilegia
709 940 808 1007 ipsa
838 946 890 989 in
910 939 992 987 suo
1011 941 1181 989 robore
1202 936 1442 1005 persistant
1461 974 1477 996 ,

171 1028 260 1057 nec
303 1014 362 1058 iis
411 1011 696 1076 derogatum
729 1010 864 1059 fuisse
909 1010 1086 1058 constet
1114 1046 1130 1066 ,
1174 1010 1478 1056 decernimus

170 1080 375 1148 proinde
394 1116 410 1136 ‚
431 1079 700 1143 Regulares
722 1080 930 1135 eosdem,
951 1078 1126 1145 absque
1142 1095 1272 1125 novo
1287 1076 1480 1125 indulto

171 1145 472 1214 Apostolico,
493 1151 600 1194 ῑιιῑὸ
618 1146 746 1212 poffe
768 1163 905 1194 extra
921 1162 1141 1212 tempora
1160 1148 1374 1193 ordinari
1394 1182 1405 1191 .

432 1306 497 1364 T
527 1306 553 1365 I
590 1305 654 1365 T
685 1304 745 1366 U
777 1305 832 1364 L
863 1305 925 1368 U
954 1303 997 1367 S
1081 1304 1148 1366 V
1167 1305 1214 1372 1.

171 1413 269 1476 De
288 1429 466 1475 aetate
481 1455 497 1482 ,
517 1417 579 1473 δε
603 1412 903 1495 qualitate
922 1410 1475 1476 Praeficiendorum.

273 1611 309 1659 S
313 1611 505 1657 cholm-es
535 1608 598 1656 ad
618 1612 809 1672 primam
831 1607 1068 1671 Tonsuram
1103 1608 1373 1658 admittendi

594 1681 708 1725 rasio
735 1678 1031 1745 praescribitur
1051 1715 1062 1725 .

175 1771 389 1942 CU
409 1792 440 1818 M
476 1790 558 1839 per
590 1772 881 1839 Apostolum
910 1772 1145 1840 scriptum
1173 1771 1260 1829 s1t,
1292 1771 1478 1821 Nemini

359 1846 442 1888 cit&
461 1862 627 1890 manum
646 1842 896 1906 impositeris
916 1851 929 1866 ²
950 1878 964 1898 ‚
994 1842 1242 1909 Episcopis
1263 1842 1479 1890 animad-

359 1912 650 1959 vertendum
667 1911 983 1975 fignificamus
1003 1947 1018 1967 ,
1049 1916 1196 1977 quam
1213 1909 1478 1978 periculosa

166 1983 221 2031 fit
251 1980 378 2028 sacra
399 1999 631 2028 manuum
647 1981 887 2047 impositio
902 2017 918 2037 ,
946 1981 1108 2028 debita
1127 1982 1380 2047 diligentia
1398 2000 1479 2029 ne-=

169 2051 323 2119 glecta
342 2087 352 2097 .
395 2051 546 2118 Super
565 2055 622 2098 iis
642 2054 826 2116 itaque,
847 2056 932 2119 qui
958 2055 1114 2117 prima
1132 2050 1351 2101 Tonsura
1370 2050 1479 2099 sunt

168 2120 430 2177 initiandi,
467 2140 633 2169 curam
661 2139 858 2171 omnem
876 2120 1170 2179 adhibeant,
1204 2124 1253 2172 ὃ(
1281 2120 1479 2187 inquisi-

166 2196 388 2248 tionem3
418 2210 476 2239 an
509 2192 625 2241 tales
654 2191 742 2238 fint
762 2228 778 2250 ,
809 2197 894 2260 qui
922 2190 1172 2259 probabile
1197 2193 1441 2254 judicium
1460 2226 1477 2248 ,

162 2280 262 2309 non
284 2259 500 2311 humano
519 2261 720 2329 quidem
748 2263 945 2311 consilio
963 2298 978 2319 ,
1012 2277 1092 2309 aut
1123 2261 1216 2310 fori
1245 2261 1470 2310 secularis

171 2331 471 2392 declinandi,
490 2331 570 2382 vel
589 2350 613 2379 a
630 2332 880 2383 laicalibus
910 2332 954 2382 se
973 2332 1277 2390 muneribus,
1298 2334 1345 2383 ὃ(
1363 2349 1478 2379 one-

1338 2401 1474 2450 ribus

1606 1850 1625 1873 a

1501 1894 1530 1922 1.
1543 1887 1678 1923 Thimot.
1692 1897 1724 1928 ς.
