2043 2958
549 237 860 289 Tmunus
900 231 1150 284 XVIII.
1445 239 1510 284 79

197 309 580 362 Tridentinum.
629 309 859 376 Cumque
893 307 1022 375 leges
1049 341 1064 363 ‚
1103 323 1208 371 quae
1241 303 1373 352 bono
1402 296 1512 344 sunt

199 385 384 430 innixae
403 385 649 450 principio
669 418 684 439 ,
723 379 1010 447 quandoque
1038 379 1299 424 hominum
1325 368 1515 420 malitia

197 450 541 502 subvertantur
562 489 578 510 ‚
599 455 647 502 ὃ(
668 451 950 509 eludantur3
972 448 1200 498 volumus
1217 446 1306 496 fibi
1322 458 1517 512 quoque

202 541 403 572 caveant
437 525 626 573 Vicarii
677 541 842 572 omnes
881 519 1189 590 Capitulares
1216 556 1233 577 ‚
1275 535 1335 566 ne
1353 551 1368 572 ,
1406 530 1522 581 pro-

198 594 536 644 vehendorum
556 598 708 662 magis
731 593 1031 660 indulgendo
1050 590 1309 639 ambitioni
1330 624 1346 645 ‚
1376 590 1523 653 quam

198 665 647 731 praedefunctorum
664 663 936 713 aemulando
955 662 1119 712 zelum
1137 659 1487 726 Episcoporum
1505 688 1521 709 ,

197 735 287 803 ipfi
319 735 407 784 fint
429 741 479 786 in
497 741 695 806 antiqua
713 735 805 787 hac
833 736 1009 786 tuenda
1028 731 1246 783 Ecclefiae
1267 726 1522 796 disciplina

199 806 377 855 remissi
395 842 406 854 .

665 925 891 978 CAP.
965 923 1057 973 II.

203 1018 333 1068 Intra
353 1040 508 1070 annum
527 1022 792 1087 Epzstopalis
809 1021 942 1070 Sedis
959 1022 1217 1070 vacationis
1235 1052 1250 1073 ‚
1269 1012 1427 1081 quibus
1442 1026 1522 1077 pro

270 1090 548 1139 ordinatione
577 1091 724 1139 dandae
745 1093 887 1138 literae
908 1088 1169 1155 Dimffriae
1191 1099 1205 1135 ?
1245 1083 1456 1140 Facultffi

347 1166 479 1209 tivas
516 1165 564 1206 in
596 1161 896 1225 Epzstoporum
916 1191 932 1212 ,
969 1162 1025 1205 Θ·
1056 1158 1245 1205 Concilii
1272 1155 1384 1202 Con-

426 1228 758 1296 gregationibus
777 1227 984 1293 expediri
1004 1226 1268 1295 prohibetur
1284 1258 1295 1270 .

267 1345 474 1413 Deoque
493 1345 580 1395 sub
599 1350 900 1416 poenis,quas
917 1346 1048 1396 idem
1066 1347 1227 1396 statuit
1241 1340 1528 1394 Concilium

302 1417 655 1468 Tridentinum
675 1428 689 1443 ³
713 1453 729 1474 ,
743 1417 946 1482 aliisque
967 1453 984 1474 ,
1003 1417 1233 1484 Episcopi
1253 1412 1527 1461 successoris

207 1487 415 1535 arbitrio
434 1487 710 1544 reservatis,
731 1487 943 1534 Vicariis
962 1486 1145 1536 eisdem
1158 1482 1527 1550 Capitularibus

205 1558 574 1615 inhibemus,ne
593 1565 725 1607 intra
743 1575 969 1613 annum‚a
988 1557 1123 1605 Sedis
1143 1558 1409 1604 vacationis
1430 1554 1528 1613 die,

205 1627 470 1694 (Epistolas
490 1633 542 1676 in
563 1629 806 1696 posterum
823 1625 1132 1675 facultativas
1154 1623 1528 1693 Episcoporum,

208 1699 258 1747 ὃτ-
305 1697 525 1747 Concilii
563 1696 1046 1767 Congregationibus
1086 1694 1385 1745 concedendi
1417 1714 1530 1762 per-

209 1766 424 1816 :missione
444 1767 650 1830 sublata)
667 1770 901 1837 aliquem,
920 1767 1007 1817 nisi
1021 1767 1260 1817 beneficio
1278 1766 1528 1833 acquisito,

208 1837 291 1886 vel
310 1842 536 1905 proxime
557 1839 854 1906 acquirendo
869 1873 885 1894 ,
906 1838 1139 1886 arctatum
1159 1873 1174 1893 ,
1188 1839 1237 1886 ὃς
1257 1837 1527 1886 dummodo

209 1926 307 1957 non
320 1907 467 1957 fuerit
486 1913 526 1959 is
544 1910 658 1959 alias
673 1909 732 1958 ab
748 1907 1032 1958 antecessore
1045 1906 1284 1975 Episcopo
1304 1907 1525 1969 rejectus,

208 1979 267 2027 ad
288 1978 586 2029 Clericalem
610 1979 888 2035 tonsuram,
918 1976 997 2025 seu
1027 1977 1238 2026 Ordines
1266 1976 1526 2044 suscipien-

205 2050 289 2097 dos
321 2050 575 2100 dimittant
593 2086 603 2097 .
642 2049 749 2100 Post
772 2067 953 2099 annum
971 2052 1121 2106 vero,
1156 2067 1275 2116 quos
1307 2047 1524 2098 moribus

209 2119 473 2169 habuerint
491 2158 507 2179 ,
543 2121 816 2170 virtutibus
838 2157 854 2179 ,
893 2139 947 2169 ac
981 2119 1201 2169 doctrina
1220 2119 1485 2169 laudabiles
1507 2157 1524 2179 ,

209 2209 464 2258 nunquam
483 2208 645 2241 tamen
665 2191 837 2240 officiis
858 2227 875 2249 ,
895 2190 1186 2259 plerumque
1205 2194 1522 2258 importunis,

210 2262 592 2320 commendatos,
613 2261 827 2311 liberum
845 2261 906 2310 est
919 2266 1007 2319 eiS,
1023 2261 1221 2312 servatis
1243 2261 1442 2327 reliquis
1464 2262 1523 2311 de

202 2335 314 2393 jure
332 2331 573 2383 servandis
595 2370 612 2391 ,
640 2331 926 2383 dimissorias
945 2333 1108 2384 literas
1125 2352 1216 2403 pro
1234 2331 1455 2391 arbitrio,
1473 2333 1523 2381 &

211 2402 505 2467 conscientia
526 2404 819 2457 concedere.
1341 2403 1345 2405 ¹
1418 2402 1524 2453 TI·-

1555 1407 1798 1490 Seffiystapao.

1553 1494 1598 1527 ἕν
1631 1491 1696 1536 [effi
1725 1499 1781 1532 23-

1554 1536 1787 1586 cap.10.der?fi
