2043 2958
608 244 669 272 AD
688 224 970 274 CoNcimom
992 222 1251 275 RoiviANoM
1272 258 1283 268 .
1505 237 1521 265 1
1537 236 1601 279 59

280 295 519 335 stitutionem
534 323 545 342 ‚
574 304 614 334 ut
630 297 935 334 Subcolleetores
952 323 963 341 ‚
991 295 1204 333 terminato
1220 290 1388 338 Officio,
1413 300 1489 330 non
1509 300 1602 338 gau-

281 345 400 387 deant
424 348 592 397 amplius
619 347 865 398 exemptione
881 375 893 394 ,
919 347 1128 392 defuncto,
1152 346 1215 384 vel
1243 345 1340 383 alias
1364 341 1602 383 deficiente,

283 398 495 440 Ordinario
508 429 520 445 ,
549 401 587 437 in
617 403 721 446 cujus
751 411 924 448 tempore
949 406 1201 438 exercuerunt
1219 425 1228 434 .
1258 395 1376 435 Sicuti
1394 396 1516 435 etiam
1534 393 1604 431 de-

282 451 448 492 claravit
475 454 561 491 illos
579 479 591 498 ‚
624 450 688 502 qui
708 480 718 497 ‚
741 454 833 491 lieet
860 454 900 490 in
915 452 1225 490 Subcollectores
1243 447 1417 497 deputati
1435 445 1603 503 fuerint,

283 515 480 554 nunquam
510 514 789 548 exercuerunt,
815 503 982 543 minime
996 503 1163 552 gaudere
1179 516 1195 542 ,-
1265 511 1306 538 ec
1323 500 1470 550 pariter
1487 500 1573 536 illos
1588 526 1600 544 ,

283 556 348 603 qui
364 569 440 598 non
456 557 621 596 resident
637 556 676 594 in
692 557 860 595 Dioecefi
877 584 888 602 ‚
903 568 971 606 pro
983 567 1055 605 qua
1071 555 1153 593 sunt
1167 553 1359 602 deputati,
1378 556 1415 592 ὅ(
1430 550 1606 590 Ordina-

284 608 388 648 rium
417 610 625 649 certiorare
649 608 788 647 debere
820 608 904 646 Sac.
928 606 1294 658 Congregationem
1321 604 1369 643 de
1398 604 1501 641 dicta
1528 614 1607 641 non

284 661 490 701 refidentia
503 689 514 706 ‚
531 663 563 707 ej
570 662 680 711 usque
698 660 955 710 provisionem
969 663 1169 709 expectare
1184 685 1194 697 .
1431 674 1434 678 ¹

392 713 638 753 Generaliter
654 713 746 750 vero
761 712 1111 751 Subcollec‘toribus
1139 711 1429 760 exemptionem
1455 708 1501 764 ab
1526 707 1606 744 Or-

283 763 437 805 dinario
466 765 504 803 in
521 764 714 804 Civilibus
737 776 813 801 non
845 763 1040 813 suffragari
1058 792 1072 810 ,
1100 763 1172 802 nifi
1199 762 1340 800 adesset
1365 759 1406 799 in
1433 758 1606 798 Dioecesi

278 816 399 862 =iudex
417 830 437 856 a
455 816 607 854 Nuntio
621 815 838 862 deputatus,
855 816 919 864 qui
931 816 1072 853 habeat
1085 813 1361 853 tantummodo
1375 812 1606 850 facultatem

283 879 321 906 in
339 869 471 908 Cauiis
486 865 653 917 passuris,
666 865 703 902 &
720 866 826 903 nullo
844 865 1062 914 privilegio,
1080 875 1146 903 aut
1163 863 1408 913 exemptione
1427 861 1606 913 gaudeat.

391 919 509 970 Qod
526 918 620 957 vero
636 915 780 955 attinet
795 916 844 955 ad
859 917 1087 955 Substitutos
1102 943 1113 961 ‚
1135 916 1175 956 δε
1191 914 1394 954 Officiales
1407 913 1609 953 Subcolle-

287 973 438 1010 {torum
455 1000 466 1018 ‚
482 968 695 1009 declaravit
710 995 722 1014 ,
736 967 800 1006 dd.
818 968 1048 1007 Substitutos
1068 980 1145 1007 non
1162 967 1330 1017 gaudere
1348 964 1610 1015 exemptione,

282 1023 391 1062 illam
412 1024 569 1062 tantum
590 1018 882 1058 concedendam
906 1021 978 1056 effe
995 1020 1058 1056 uni
1077 1022 1231 1057 tantum
1245 1019 1412 1056 Notario
1429 1029 1498 1067 pro
1512 1027 1612 1065 quo-

286 1074 383 1113 libet
404 1072 691 1113 Subcollec‘tore
719 1070 757 1107 in
785 1070 870 1108 astu
886 1068 1088 1116 exercitii,
1113 1070 1150 1107 δε
1174 1069 1301 1119 quoad
1317 1067 1612 1109 Commiffarios

286 1126 396 1175 super
410 1123 558 1165 illicitis
573 1122 914 1173 negociationibus
927 1150 938 1167 ‚
954 1131 1019 1160 aut
1033 1121 1080 1160 ad
1095 1123 1190 1160 alias
1201 1120 1344 1160 Causas
1361 1118 1611 1170 particulares

281 1179 488 1227 deputatos
520 1188 598 1214 non
612 1173 782 1224 gaudere
796 1174 1041 1223 exemptione
1056 1200 1068 1217 ‚
1096 1171 1166 1210 nisi
1180 1173 1219 1210 in
1237 1173 1321 1210 assu
1337 1171 1511 1211 exercitii
1529 1197 1542 1216 ‚
1572 1170 1610 1207 Sc

286 1239 368 1268 tam
384 1224 677 1267 Commislarios
699 1224 939 1270 hujusmodi,
958 1226 1072 1274 quam
1091 1223 1398 1262 Subcolseftores
1413 1251 1424 1268 ‚
1453 1222 1609 1272 quando

286 1280 498 1331 procedunt
516 1287 653 1316 contra
670 1276 937 1314 Denunciatos
952 1303 963 1320 ,
991 1276 1053 1314 vel
1069 1275 1168 1313 alios
1183 1274 1383 1324 Inquisitos
1405 1274 1453 1312 de
1465 1271 1613 1311 illicitis

287 1329 625 1381 negociationibus
638 1354 650 1374 s
681 1328 708 1365 si
735 1340 780 1366 ex
799 1327 969 1365 Processu
985 1327 1241 1365 informativo
1254 1327 1400 1365 constet
1416 1325 1464 1364 de
1476 1337 1611 1364 eorum

286 1383 535 1426 innocentia,
559 1393 636 1419 non
665 1379 765 1428 posse
792 1380 878 1417 illos
894 1391 1031 1429 cogere
1057 1379 1105 1418 ad
1128 1378 1306 1428 expensas
1335 1378 1501 1424 ejusdem
1517 1377 1611 1415 Pro-

282 1433 400 1474 ceffu‘s
421 1463 432 1480 ‚
449 1434 486 1473 δε
502 1429 663 1473 Deci-eti
680 1431 902 1469 absolutorii
919 1459 928 1469 .

390 1487 463 1532 Et,
495 1484 598 1533 quod
617 1481 776 1528 majoris
794 1482 985 1521 momenti
1008 1483 1060 1521 est
1075 1509 1087 1527 ,
1115 1493 1163 1520 ne
1188 1488 1372 1531 praetextu
1392 1480 1607 1527 hujusmodi

284 1536 418 1578 Officii
434 1566 446 1584 ‚
472 1548 562 1575 cura
579 1535 813 1580 animarum,
829 1534 1029 1573 servitium
1043 1534 1219 1574 Ecclefiae
1233 1561 1246 1579 ,
1261 1547 1304 1574 ac
1320 1532 1447 1574 divini
1461 1534 1585 1572 cultus
1599 1559 1610 1578 ‚

287 1601 524 1639 morumque
539 1588 716 1625 honestas
737 1586 1020 1625 detrimentum
1036 1587 1236 1635 patiantur
1247 1614 1259 1632 ‚
1273 1585 1492 1625 declaravit
1509 1612 1520 1630 ‚
1535 1585 1608 1623 Pa-

286 1643 424 1679 rochos
449 1641 488 1679 in
502 1639 832 1683 Subcollectores‚
859 1647 926 1677 aut
941 1636 1242 1677 Commissarios
1265 1638 1314 1676 ad
1325 1637 1612 1688 quascumque)

289 1692 433 1730 Causas
457 1691 707 1740 particulares
733 1703 811 1728 non
826 1688 900 1729 esse
913 1689 1155 1739 deputandos
1168 1718 1180 1736 ,
1195 1690 1306 1728 sicuti
1320 1701 1393 1729 nec
1408 1689 1610 1728 Poeniten-

291 1741 449 1782 siarium
466 1771 478 1788 ,
508 1755 580 1781 nec
604 1743 858 1791 Theologum
874 1770 883 1778 .
915 1741 1032 1789 Qiod
1059 1743 1086 1779 fi
1116 1742 1195 1790 post
1212 1741 1503 1789 deputationem
1532 1740 1610 1779 de.›

291 1796 422 1842 aliqua
436 1793 682 1837 parochiali,
696 1803 762 1832 aut
779 1793 1063 1838 Paenitentiam,
1079 1794 1140 1830 vel
1153 1792 1385 1842 Theologali
1403 1792 1610 1842 praebendis

288 1845 434 1883 fuerint
456 1843 608 1883 fortasse
626 1846 789 1893 provisi,
813 1854 904 1882 tunc
929 1843 1093 1881 minime
1113 1844 1279 1892 gaudere
1293 1843 1541 1893 exemptione
1568 1843 1608 1882 in

292 1895 615 1936 concernentibus
629 1907 761 1934 curam
779 1896 998 1933 animarum
1016 1923 1027 1941 ‚
1051 1896 1087 1935 ὃς
1104 1895 1309 1944 respective
1324 1895 1610 1944 adimplemen—

288 1953 385 1987 tum'
404 1961 565 1987 onerum
593 1948 754 1996 ipsarum
782 1947 1106 1987 Praebendarunn
1130 1947 1168 1985 δε
1195 1946 1331 1985 eadem
1354 1947 1506 1985 ratione
1530 1958 1608 1984 non

290 2000 457 2051 gaudere
471 2000 692 2040 Canonicos
706 2026 716 2044 ‚
749 1999 786 2037 δε
808 1999 906 2037 alios
931 1997 1189 2037 Beneficiatos
1205 1999 1508 2037 Subcolledtores
1539 1998 1609 2036 in„

290 2053 611 2091 concernentibus
630 2051 825 2090 servitium
845 2051 1019 2090 Ecclefiae
1035 2079 1046 2095 ‚
1078 2051 1116 2089 &
1145 2049 1494 2100 adimplementum
1512 2061 1607 2087 one-

291 2115 378 2143 rum
409 2103 575 2153 ipsorum
601 2103 911 2142 Canonicatuum
927 2130 938 2148 ‚
965 2102 1003 2141 IX
1030 2101 1319 2141 Beneficiorum
1336 2130 1348 2149 ,
1374 2115 1444 2140 nec
1469 2101 1608 2140 lucrari

288 2154 576 2194 distributiones
601 2154 843 2204 quotidianas
859 2182 870 2200 ‚
897 2153 923 2192 si
948 2168 1025 2193 non
1042 2152 1287 2195 inserviant3
1317 2154 1470 2204 Insuper
1487 2152 1610 2192 teneri

290 2206 445 2245 ratione
459 2207 739 2245 Beneficiorum
756 2233 767 2250 ‚
798 2219 875 2256 quae
893 2208 1073 2246 obtinent
1088 2233 1101 2252 ‚
1115 2206 1159 2244 ad
1176 2207 1347 2257 publicas
1361 2205 1612 2257 processiones

290 2258 482 2296 accedere
496 2286 505 2303 ‚
524 2259 674 2297 solvere
690 2259 1010 2298 Cathedraticum
1026 2288 1037 2305 ‚
1052 2261 1090 2299 δέ
1108 2259 1309 2298 subsidium
1321 2258 1609 2298 charitativum,

293 2310 332 2348 &
352 2309 527 2348 interesse
542 2310 702 2359 syuodo
718 2339 729 2356 ‚
745 2322 788 2349 ac
804 2311 1038 2356 visitationi,
1061 2323 1137 2349 non
1155 2320 1288 2350 tamen
1303 2312 1442 2361 pluries
1456 2335 1466 2354 ,
1489 2309 1607 2358 qutun

291 2360 411 2400 semel
427 2361 466 2400 in
481 2374 583 2401 anuo
599 2391 608 2399 .
640 2361 745 2401 Poffc
760 2364 853 2404 vcro
876 2362 1123 2403 solummodo
1148 2364 1236 2416 cogi
1263 2363 1310 2402 ab
1325 2362 1537 2402 Ordinaiio
1561 2363 1610 2400 ad

1514 2423 1606 2452 exe-
