2043 2958
513 224 825 276 Τιτυιυε
875 223 1191 275 XXVIII.
1415 242 1505 271 101

202 299 367 344 vimus
388 314 403 353 3
435 312 583 363 prout
601 301 654 344 in
669 314 902 368 perpetua
920 299 1073 346 nostra
1092 333 1108 354 ,
1128 309 1276 364 quarn
1295 295 1513 345 Concilii

195 366 338 430 hujus
358 367 619 419 exhibebit
637 372 915 441 Appendix
933 405 951 428 ‚
988 368 1132 419 fufius
1152 365 1514 418 Constitutione

194 454 472 488 continetur
494 477 506 489 .

671 563 894 615 CAP.
968 562 1050 613 ΙΙ.

199 678 357 729 Laicos
378 716 395 738 ‚
412 685 489 749 qui
509 683 775 732 Clericorum
798 686 1121 732 immunitatem
1140 678 1322 728 turbare
1341 693 1422 724 non
1441 694 1527 725 ‘ve-

286 767 448 800 rentur
463 788 479 810 ,
516 754 715 820 Epzscopi
733 787 749 810 ‚
781 755 1053 819 censurarum
1083 752 1410 799 comminatione
1429 782 1446 805 ,

354 840 380 871 a
412 823 645 885 sententia
664 839 905 870 revocent:
946 824 1166 888 &siopus
1185 820 1339 885 suerit
1358 853 1374 874 ‚

413 891 475 939 ad
490 910 637 941 earum
652 893 1019 961 fulminationem
1038 892 1286 941 deveniant
1302 922 1313 934 .

361 1009 416 1061 U
430 1030 463 1057 M
495 1015 545 1058 in
563 1011 683 1060 locis
706 1011 999 1076 quibusdam
1018 1047 1034 1067 ,
1068 1015 1218 1060 etiam
1236 1009 1494 1076 praecipuis
1512 1042 1530 1064 ‚

375 1080 575 1145 Judices
592 1116 608 1139 ,
625 1082 676 1130 ὃς
692 1079 1058 1129 Gubernatores
1079 1079 1209 1128 haud
1229 1077 1380 1127 defint
1398 1113 1415 1135 ‚
1445 1080 1532 1143 qui

200 1148 410 1199 seculari
427 1170 524 1198 non
545 1156 763 1198 contenti
784 1183 800 1204 ,
819 1150 908 1197 fibi
930 1169 954 1197 a
971 1151 1082 1198 Deo
1103 1147 1314 1197 concessa
1334 1183 1350 1204 ‚
1370 1147 1532 1196 austo-

200 1224 347 1269 ritate
364 1255 380 1277 ,
414 1223 466 1266 in
496 1217 863 1267 ecclefiasticam
901 1218 1097 1268 meffem
1132 1217 1385 1285 sacrilegas
1432 1236 1531 1265 non

200 1295 309 1339 raro
330 1289 477 1338 falces
496 1293 768 1338 immittere
787 1323 803 1346 ,
833 1289 1058 1339 Clericos
1080 1288 1137 1336 ad
1157 1306 1327 1337 eorum
1344 1286 1533 1336 Tribu-

199 1361 279 1409 nal
301 1365 568 1410 convenire
587 1397 603 1419 ,
631 1363 681 1411 ἃ
696 1358 854 1409 sacros
871 1359 1089 1410 Ecclefiae
1109 1358 1363 1408 Ministros
1382 1360 1436 1405 in
1452 1355 1531 1406 sua

197 1432 377 1481 audent
391 1431 726 1495 jurisdictione
746 1431 943 1480 turbare
960 1452 975 1490 3
996 1431 1186 1478 idcirco
1201 1465 1217 1486 ,
1235 1433 1274 1477 ii
1293 1443 1530 1496 quatenus

201 1503 474 1551 detestanda
508 1502 608 1570 ipsa
643 1502 855 1551 facinora
889 1497 1256 1570 perhorrescant
1273 1536 1290 1557 ,
1328 1499 1446 1547 latas
1475 1502 1530 1547 in

202 1573 339 1621 Bulla
356 1574 486 1622 Coenae
505 1581 520 1598 ³
550 1572 765 1622 censuras
799 1573 857 1621 ad
878 1591 1046 1622 eorum
1074 1574 1366 1619 memoriam
1386 1588 1529 1618 revo-

202 1663 367 1692 camus
388 1682 400 1691 .
443 1644 707 1711 Episcopos
727 1647 847 1693 vero
881 1646 1004 1693 lerio
1022 1639 1288 1691 excitando
1306 1677 1322 1698 ,
1358 1659 1530 1689 mone-

200 1733 307 1762 mus
331 1751 346 1772 ,
378 1729 431 1763 ut
452 1731 617 1763 contra
649 1715 710 1763 fic
727 1722 909 1765 temere
931 1715 1160 1764 audentes
1181 1749 1198 1770 ,
1229 1730 1529 1779 eorumque„

202 1784 444 1834 ministros
467 1822 483 1843 ,
514 1786 780 1851 complices
798 1822 813 1844 ,
839 1789 889 1836 ὃ(
906 1783 1116 1834 fautores
1135 1819 1151 1840 ,
1172 1786 1298 1845 juris
1335 1783 1384 1832 ὃς
1412 1781 1528 1831 fasti

205 1856 438 1903 remediis
457 1859 745 1923 opportunis
763 1891 778 1913 ,
810 1856 866 1904 ad
899 1856 1200 1904 incursarum
1235 1856 1385 1902 etiam
1414 1871 1528 1920 pro-

207 1927 380 1974 cedant
414 1925 722 1976 censurarum
761 1926 1140 1975 declarationem
1169 1943 1184 1982 ;
1223 1937 1277 1972 ut
1313 1927 1382 1971 ita
1413 1921 1491 1970 illi
1513 1959 1528 1980 ,

206 1996 308 2045 Dei
341 1996 617 2046 ulciscentis
638 1997 835 2065 plagam
854 1995 1111 2045 sentientes
1128 2030 1146 2052 ‚
1175 1993 1233 2041 ad
1254 2008 1529 2043 ceterorum

207 2068 621 2135 emendationem,
641 2068 837 2121 tandem
854 2067 1116 2138 aliquando
1134 2063 1492 2117 confundantur
1511 2100 1529 2123 2

209 2141 259 2189 &
277 2137 550 2208 resipiscant
565 2176 577 2188 .

1346 2421 1526 2474 CAP.

1558 378 1604 428 ρ.
1623 373 1680 404 Α»)
1686 376 1711 402 7.

1555 1621 1721 1664 §§.15.&
1738 1622 1791 1655 16.
