2043 2958
560 212 608 264 T
630 233 642 261 1
665 231 690 260 T
712 231 737 259 υ
760 231 780 258 L
801 231 829 259 u
851 230 869 258 s
922 211 946 260 I
965 210 1003 261 Ῑ.
1388 228 1445 274 15

578 330 626 381 C
662 330 715 380 A
751 330 804 380 P.
879 329 1000 380 III.

122 450 382 518 Dioecefhnae
401 449 436 498 S
424 450 572 515 ynodi
587 451 729 518 st’mel
741 449 904 518 stzltem
932 454 979 498 in
1007 469 1113 499 anno
1146 450 1200 499 ab
1219 447 1443 517 Episcopis

266 539 472 592 cogantur
505 541 517 569 :
562 524 714 573 Prima
744 527 860 572 ‘verb
892 521 995 590 pofc'
1020 523 1108 589 fi’x
1137 520 1298 589 menfi’s

413 594 466 642 ab
483 595 612 663 hujus
634 595 819 645 Concilii
831 595 1129 664 publicatione
1149 630 1160 642 .

288 712 462 762 Ecreto
480 712 624 763 fimili
640 713 891 781 Episcopis
911 712 1162 770 omnibus,
1179 728 1231 758 ac
1249 707 1445 776 insuper

323 782 748 852 Archiepiscopi5‚
765 783 1082 851 suffrageneos
1102 800 1203 832 non
1219 779 1447 829 habenti-

122 855 212 904 bus
235 891 251 912 ,
286 853 570 904 mandamus
588 891 605 912 ‚
638 869 689 903 ut
706 889 722 911 ,
757 872 871 902 cum
899 855 1028 902 nulli
1049 851 1446 920 EpiscoporunL,

119 925 266 976 liceat
294 928 491 993 propria
510 925 635 994 apud
654 924 964 993 semetipsum
984 922 1211 976 Concilia
1229 920 1385 971 facere
1398 928 1413 945 ²
1430 955 1446 978 ,

126 1012 299 1066 praeter
322 1015 400 1045 eos
420 1033 437 1054 ,
473 997 652 1062 quibus
674 995 784 1045 sunt
803 995 1110 1063 Metropoles
1130 992 1446 1048 concreditae,

122 1067 338 1116 studeant
356 1068 406 1114 &
422 1065 509 1130 ipfi
528 1065 670 1115 semel
691 1065 861 1112 saltem
878 1071 930 1113 in
949 1083 1072 1113 anno
1090 1064 1351 1129 Synodum
1367 1080 1447 1110 co-

1475 921 1548 953 Can.
1574 880 1709 959 Ta'ropter

1474 967 1542 1001 ead.
1559 963 1625 1006 dist.

1576 1106 1599 1141 b

120 1156 234 1206 gere
248 1134 621 1186 Dioecesanamb
633 1167 649 1189 ,
666 1137 717 1179 in
738 1151 886 1198 quam
903 1135 1094 1182 Clerici
1111 1152 1280 1181 omnes
1300 1132 1448 1181 Dioe-
1472 1160 1548 1192 ean.
1583 1152 1696 1187 Annis

127 1206 257 1262 cefiS,
278 1205 490 1270 aliique,
509 1205 596 1270 qui
615 1202 797 1265 dejure
815 1238 831 1260 ,
850 1202 930 1252 vel
953 1201 1299 1252 consuetudine
1320 1206 1447 1251 inte-
1469 1200 1602 1250 fingulis
1616 1198 1694 1235 ibici.

128 1276 243 1327 reffe
261 1274 441 1324 debent
458 1310 474 1332 ‚
492 1271 578 1322 sub
598 1277 758 1341 poenis
778 1293 801 1322 a
812 1279 923 1337 jure
944 1273 1161 1331 sancitis,
1183 1277 1447 1323 convenire

126 1362 362 1416 cogantur
381 1383 390 1393 .
417 1345 482 1394 Iis
503 1359 664 1394 autern
684 1344 1112 1415 ArchiepiscopiS,
1133 1347 1182 1395 ὃ(
1196 1343 1447 1413 Episcopis

111 1419 344 1483 jubemus
362 1453 379 1476 ‚
400 1432 452 1465 ut
471 1420 685 1484 primam
703 1415 828 1466 infra
848 1417 930 1466 sex
945 1415 1129 1467 menses
1145 1451 1161 1472 ,
1182 1415 1283 1482 post
1301 1414 1446 1477 hujus

124 1490 347 1541 Concilii
366 1487 737 1556 evulgationem
751 1524 766 1545 ‚
787 1487 1047 1554 Synodum
1064 1484 1278 1534 habeant
1297 1485 1447 1535 Dioe-

119 1560 359 1619 cesanam,
379 1563 432 1608 in
451 1578 544 1626 qua
562 1558 832 1626 pleniffim‘e
849 1563 1012 1608 omnia
1032 1575 1195 1606 coram
1215 1556 1445 1606 omnibus

122 1631 351 1690 referant,
366 1629 742 1700 publicentque,
763 1649 868 1697 quae
890 1634 941 1679 in
959 1629 1052 1679 hoc
1072 1626 1244 1676 eodem
1256 1626 1446 1677 Conci·

121 1704 190 1752 lio
219 1709 239 1762 (
259 1703 390 1771 quod
410 1700 631 1751 fimiliter
659 1706 711 1751 in
730 1698 1134 1772 subsequentibus
1155 1697 1239 1749 fiet
1258 1705 1278 1760 )
1309 1698 1408 1748 asta
1427 1734 1443 1758 ,

123 1775 173 1825 ὅ(
193 1774 389 1824 definita
409 1771 496 1822 effe
513 1772 776 1824 noscuntur
797 1812 807 1824 .

123 1952 312 2001 Statum
323 1954 523 2018 propria,
540 1879 1241 2015 inssassxljbenffiglicclcfiarum
1263 1945 1443 2012 Capitu-

212 2024 256 2070 [α
273 2058 288 2080 ,
318 2024 371 2070 &²
397 2022 590 2088 collegia
607 2053 622 2076 ,
652 2019 927 2088 Ecclesz'aeque
957 2023 1130 2084 pariter
1151 2018 1356 2067 Conven-

311 2093 472 2150 tuales,
480 2091 561 2160 fitb
577 2089 809 2140 iazterdiffz'
819 2107 964 2160 paena,
988 2091 1218 2159 conficiant
1237 2124 1248 2135 .

124 2198 542 2337 ECclefiarum
562 2194 807 2264 Capitulis
824 2234 840 2257 ,
877 2210 979 2246 tarn
999 2193 1406 2245 Patriarchalium
1422 2227 1439 2251 ,

293 2273 341 2321 δε
376 2267 750 2321 Cathedralium
772 2305 788 2327 ,
826 2274 972 2337 quem
1010 2266 1440 2331 Collegiataruma

128 2346 353 2393 onmium
370 2378 386 2402 ‚
407 2343 455 2393 ὃς
476 2341 897 2392 Conventualium
912 2377 928 2400 ,
948 2358 1053 2410 quae
1070 2339 1271 2410 quidem
1298 2334 1440 2383 velut

1329 2422 1437 2454 cor-
