2043 2958
427 227 524 281 136
888 221 941 270 A
963 241 984 268 ι»
1006 241 1026 268 P
1048 241 1068 268 iz
1090 240 1121 268 N
1141 241 1169 269 D
1193 243 1207 270 i
1227 239 1264 270 x

525 291 627 331 Ctim
641 292 770 341 itaque
784 290 1036 331 saluberrimo
1049 293 1216 342 praedisti
1229 289 1399 332 Concilii
1414 290 1638 331 Tridentini
1653 292 1733 331 De-

152 338 324 390 Dis-pontio
348 350 404 379 wo
421 353 541 388 creto,
558 345 681 382 relato
695 344 733 380 in
750 345 993 392 cap.1.sess.5.
1009 347 1051 381 de
1064 345 1242 391 refirmat.
1271 351 1427 381 cautum
1440 343 1507 388 fit,
1535 352 1576 381 ut
1591 347 1733 384 nedum

119 381 402 454 ξὲῖόέἷίζηέὃξίᾗζζ
421 396 459 435 iii
486 396 662 434 Ecclesiis
685 394 1009 442 Cathedralibus‚
1039 397 1100 434 sed
1138 396 1176 434 in
1208 394 1440 442 Collegiatis
1463 393 1580 433 etiam
1610 397 1734 446 Oppi·

122 445 312 496 nii'entia'riae
340 465 401 499 52⁴
419 449 558 487 dorum
575 448 802 498 insignium,
831 448 1021 497 inquibus
1038 449 1243 487 Praebenda
1260 475 1271 492 ‚
1302 455 1368 485 aut
1385 446 1702 496 praestimonium
1718 475 1730 494 ‚

123 507 369 538 cathedralibus
390 531 400 544 ,
421 501 484 539 seu
509 500 738 550 stipendium
761 512 829 549 pro
850 500 968 538 Sacrae
995 501 1194 550 Scripturae
1231 497 1454 538 tectoribus
1479 501 1732 539 constitutum

122 547 154 578 ὅ(
169 548 381 590 Collegiatis.
422 565 497 590 non
524 553 736 600 reperitur,
766 552 973 591 Praebenda
997 552 1360 601 quomodocumque
1375 579 1385 596 ‚
1416 558 1665 601 praeterquam
1686 564 1732 590 ex

423 601 538 642 causti
559 604 830 653 resignationis
845 631 856 649 ‚
884 606 1012 654 primo
1028 613 1210 642 vacatura
1224 632 1235 650 ‚
1249 604 1327 653 ipso
1346 603 1449 640 facto
1461 603 1508 641 ad
1524 616 1612 642 eum
1628 601 1735 642 usum

424 656 606 704 perpetuo
623 655 828 692 constituta
848 682 860 699 ‚
889 668 933 693 ac
960 656 1144 704 deputata
1172 656 1414 704 intelligatur
1426 669 1441 696 ³·
1473 655 1519 693 Et
1544 664 1733 705 quatenus

424 708 529 745 nulla
546 734 556 751 ‚
586 706 644 744 vel
661 718 736 745 non
752 706 940 745 sufficiens
957 707 1159 745 praebenda
1174 708 1272 746 foret
1286 735 1298 752 ,
1327 707 1518 745 Locorum
1534 708 1736 747 Ordinarii

423 772 489 808 pei·
502 758 799 807 assignationem
823 758 1013 797 fruetuum
1028 760 1186 805 alicujus
1199 759 1379 808 simplicis
1392 758 1572 798 Beneficii
1588 785 1599 802 ‚
1629 760 1739 799 debi-

427 812 477 848 tis
495 820 624 848 tamen
653 813 730 855 ejus
748 811 974 859 supportatis
988 811 1168 850 oneribus
1180 839 1193 858 ‚
1222 813 1285 850 vel
1303 823 1367 859 per
1381 812 1740 852 contributionem„

426 860 749 901 Beneficiatoium
766 862 917 900 suarum
931 862 1153 899 Dioecesum
1167 890 1179 907 ,
1209 863 1270 900 vel
1284 863 1378 900 alias
1393 889 1405 907 ‚
1433 873 1543 911 prout
1559 875 1741 903 commo-

425 915 510 952 dius
527 913 608 951 fieri
625 915 764 963 poterit
783 941 793 959 ,
823 915 875 951 ita
892 914 1146 962 provideant,
1175 922 1216 951 ut
1243 912 1318 962 ipsa
1336 913 1455 952 Sacrae
1472 915 1671 964 Scripturae
1687 918 1743 955 le-

426 966 505 1003 etio
518 966 681 1004 omnino
698 968 905 1003 habeatur:
936 967 1082 1003 Verum
1097 965 1280 1011 ejusmodi
1296 965 1456 1012 provida
1474 967 1617 1015 praefati
1634 969 1744 1007 Con-

427 1014 507 1054 cilii
522 1015 717 1064 dispositio
742 1019 780 1053 in
811 1017 1001 1064 aliquibus
1017 1016 1319 1053 Cathedralibus
1335 1041 1346 1059 ‚
1374 1017 1468 1054 ficut
1485 1030 1561 1054 non
1577 1018 1745 1067 absque)

427 1067 537 1117 gravi
557 1068 675 1104 animi
691 1067 805 1104 nosti-i
821 1067 955 1103 dolore
970 1066 1232 1115 percepimus,
1255 1066 1443 1114 hucusque
1462 1069 1633 1116 neglecta
1652 1098 1662 1114 ‚
1678 1069 1750 1107 de·-

427 1119 588 1168 bitaeque
614 1117 831 1156 executioni
859 1117 1096 1156 demandata
1125 1130 1201 1157 non
1227 1117 1374 1158 fuei·it,·
1402 1117 1505 1156 Hinc
1534 1120 1649 1168 igitur
1667 1121 1746 1166 est,

426 1171 529 1219 quod
543 1171 624 1209 Nos
651 1171 754 1208 illius
769 1170 1037 1207 executionem
1063 1182 1131 1217 pro
1149 1168 1359 1207 Pontificiae
1387 1171 1600 1221 vigilantiae
1613 1172 1749 1210 debito

428 1234 563 1272 urgere
577 1222 822 1260 intendentes
838 1249 850 1266 ‚
868 1221 980 1259 Motu
997 1222 1152 1270 proprio
1167 1250 1180 1267 ‚
1209 1232 1252 1259 ex
1268 1229 1375 1259 certa
1394 1221 1552 1260 scientia
1569 1249 1581 1266 ‚
1597 1234 1640 1261 ac
1657 1236 1746 1262 ma-

428 1283 514 1311 tura
531 1272 811 1311 deliberatione
827 1274 963 1310 nostris
977 1300 987 1317 ‚
1015 1272 1137 1320 deque
1155 1272 1387 1321 Apostolicae
1407 1275 1602 1322 potestatis
1620 1276 1745 1332 pleni-

430 1324 564 1363 tudine
577 1354 588 1371 ‚
618 1326 690 1363 hac
706 1326 829 1362 nostra
844 1325 1026 1374 perpetuo
1043 1325 1205 1362 valitura
1224 1325 1510 1364 Constitutione
1526 1326 1718 1365 sancimus
1732 1353 1745 1372 ‚

429 1376 671 1415 decernimus
685 1403 696 1421 ‚
726 1378 763 1415 &
776 1376 1007 1413 mandamus
1022 1403 1032 1419 ‚
1063 1378 1157 1414 utin
1174 1376 1473 1415 Carnem-atibus
1498 1378 1746 1425 quibuscum-

430 1439 503 1473 que
529 1428 649 1466 ltaliae
665 1455 675 1472 ,
705 1428 993 1475 insularumque
1008 1426 1268 1471 adjacentium
1286 1454 1297 1472 ‚
1327 1426 1516 1476 inquibus
1541 1429 1747 1468 Praebenda

429 1478 685 1531 Theologalis
714 1479 902 1517 haetenus
923 1479 1099 1515 instituta
1120 1490 1196 1515 non
1221 1476 1339 1516 fuerit
1356 1506 1368 1523 ‚
1397 1479 1597 1519 Praebenda
1623 1482 1748 1530 primo

431 1532 713 1580 vacatu1·a‚post
727 1529 892 1575 ejusdem
912 1530 1101 1579 praesentls
1114 1529 1413 1569 constitutionis
1430 1530 1750 1580 publicationem,

432 1582 510 1621 sive
524 1583 572 1620 ad
586 1583 670 1620 Nos
686 1609 697 1627 ‚
724 1582 939 1630 Sedemque
953 1582 1218 1630 Apostolicam
1235 1609 1246 1626 ,
1276 1583 1351 1621 five
1367 1582 1416 1620 ad
1432 1583 1685 1622 Ordinarium
1703 1585 1752 1622 il-

435 1634 507 1670 lius
525 1634 684 1671 collatio
698 1661 708 1677 ‚
738 1641 850 1680 atque
877 1631 1041 1680 provisio
1055 1634 1247 1680 pertineat
1262 1660 1274 1678 ‚
1305 1633 1383 1681 ipso
1393 1635 1475 1678 jure
1488 1661 1499 1678 ‚
1529 1636 1567 1673 ἃ
1581 1637 1749 1684 absque-³

437 1685 514 1721 ulla
532 1686 606 1723 alia
623 1684 885 1722 declaratione
899 1711 911 1730 ,
940 1684 1012 1728 fit,
1041 1695 1083 1720 ac
1098 1683 1168 1722 effe
1184 1685 1381 1723 censeatur
1398 1685 1600 1725 Praebenda
1614 1687 1749 1724 Theo-

435 1737 574 1786 logalis
590 1735 795 1774 constituta
809 1764 818 1773 .
848 1736 1039 1774 Volumus
1054 1736 1203 1784 insuper
1220 1765 1231 1781 ‚
1249 1744 1289 1774 ut
1307 1735 1472 1775 tamilla
1486 1761 1500 1778 ,
1528 1738 1641 1786 quam
1661 1736 1751 1776 reli-

436 1800 515 1835 quae
530 1799 665 1826 omnes
693 1786 773 1825 aliae
791 1786 1002 1825 Praebendae
1016 1787 1279 1837 Theologales
1307 1789 1490 1825 haetenus
1505 1790 1722 1828 constitutae
1736 1816 1751 1837 ,

437 1840 474 1878 δέ
488 1839 676 1889 deputatae
692 1838 859 1877 conferri
874 1838 1020 1887 semper
1032 1837 1197 1877 debeant
1212 1838 1374 1877 Doe'tori
1392 1841 1429 1877 in
1446 1840 1558 1878 Sacra
1572 1841 1752 1880 Theolo-

435 1890 497 1939 gia
511 1917 522 1936 ‚
551 1891 611 1928 vel
625 1890 687 1937 qui
704 1888 801 1927 infra
814 1902 956 1927 annum
970 1889 1225 1928 Doctoraiem
1242 1890 1414 1929 lauream
1430 1891 1466 1928 in
1482 1892 1616 1931 eadem
1631 1892 1752 1931 facul-

436 1951 516 1981 tate
529 1941 729 1991 suscipiat,
757 1942 796 1980 δε
821 1941 1042 1988 ceteroquin
1058 1942 1180 1990 magis
1196 1941 1335 1981 idoneo
1361 1944 1398 1980 in
1413 1943 1568 1982 formali
1584 1956 1751 1983 concur-

439 1994 475 2031 su
489 1995 536 2031 ab
557 1993 896 2031 Examinatoribus
909 1994 1136 2030 renunciato
1149 2019 1160 2037 ‚
1181 2006 1228 2032 eo
1244 1995 1355 2042 plane
1367 1995 1486 2032 modo
1498 2022 1509 2037 ‚
1538 2009 1613 2046 quo
1634 1996 1797 2034 Paro-a-

139 2041 417 2088 Modtiqcolratio.
438 2045 582 2082 chiales
599 2045 769 2081 Ecclefiae
783 2043 1033 2081 conferuntur
1050 2071 1060 2081 .
1090 2043 1204 2082 Hunc
1221 2048 1335 2094 porro
1351 2046 1387 2085 in
1405 2045 1525 2085 finem
1540 2076 1550 2093 ‚
1579 2046 1749 2097 quoties-

139 2093 188 2113 ωδ
202 2083 352 2113 faciendae
365 2105 374 2114 '
438 2107 602 2144 cumque
618 2094 799 2140 ejusmodi
813 2094 1018 2132 Praebenda
1036 2095 1291 2148 Theologalis
1304 2098 1538 2137 conferenda
1552 2101 1623 2138 erit
1642 2126 1653 2143 ‚
1682 2110 1747 2147 per

58 2166 84 2188 f
133 2149 414 2188 ‚base-4121&-
438 2147 616 2187 Edietum
643 2146 836 2195 publicum
861 2154 1048 2184 vocentur
1071 2148 1303 2197 quicumque
1318 2162 1544 2189 concurrere
1560 2178 1571 2195 ‚
1600 2149 1638 2187 δὲ
1653 2161 1748 2188 exa-

439 2199 537 2239 mini
560 2197 632 2236 sese
661 2197 841 2235 subiicere
865 2198 1061 2236 volueriut
1088 2227 1099 2244 ‚
1127 2212 1257 2238 coram
1284 2201 1467 2251 Episcopo
1481 2229 1492 2247 ‚
1521 2203 1558 2241 δὲ
1583 2211 1747 2250 quatuor

443 2249 780 2289 Examinatoribus
795 2276 806 2294 ,
835 2250 980 2287 etiamfi
994 2250 1208 2300 Synodales
1225 2265 1299 2290 non
1315 2255 1412 2298 sint,
1441 2254 1490 2290 ab
1504 2253 1641 2291 eodeni
1662 2253 1753 2302 Epi-

445 2303 557 2349 scopo
572 2303 658 2339 adiu
675 2301 862 2352 eligendis
878 2328 888 2347 ‚
906 2313 949 2339 ac
964 2301 1192 2351 deputandis
1207 2330 1218 2348 ‚
1248 2302 1287 2342 in
1300 2305 1529 2355 Theologali
1544 2314 1674 2343 tamen
1691 2305 1749 2343 fa-

445 2355 588 2393 cultate
615 2353 844 2393 Licentiatis
856 2379 869 2401 ,
899 2354 937 2395 &
952 2354 1064 2394 valde
1078 2355 1233 2405 peritis,
1263 2357 1339 2397 sive
1351 2357 1590 2396 Secularibus
1603 2384 1615 2403 ,
1643 2358 1750 2397 sive)

1673 2409 1751 2449 Re-

430 2463 554 2488 tenta
575 2470 757 2492 meinana
786 2460 828 2494 [n
852 2460 1025 2501 ‚hussen
1057 2463 1355 2510 l}‘’1⁶h›⁶4‘aklb5
1380 2456 1650 2511 §AgmsA43

434 2529 637 2601 'b'ql‘dl'
660 2544 778 2583 s7sss.
802 2556 881 2579 car.
896 2529 1083 2585 masma,
1517 2520 1531 2540 ζ

408 2620 560 2665 ''3213-
584 2638 661 2669 ¹32.
678 2641 781 2676 mr).
801 2628 1107 2676 (erssssnam'a,
1128 2616 1388 2681 “stru-ll,
1404 2629 1763 2698 forn..s„ld.fi
1782 2648 1827 2675 L.
