2043 2958
428 229 528 271 226
897 219 949 267 A
969 240 989 265 1²
1011 238 1032 266 ι’
1051 239 1073 266 1-:
1101 238 1132 266 N
1152 238 1178 264 n
1201 238 1214 264 1
1233 239 1262 265 x

425 321 454 341 ,‚
481 292 670 341 obsequiis
697 293 871 338 supremo
883 288 1050 329 Numini
1074 288 1325 335 exhibendis,
1352 288 1466 338 iisque
1491 289 1729 338 praestandis,

427 374 454 393 ,‚
482 358 561 396 quae
586 355 718 383 eorum
736 341 845 380 statui
862 342 1117 380 consentanea
1133 341 1216 379 sunt
1235 368 1246 386 ,
1260 340 1426 380 exerceri
1440 341 1598 379 valeant
1613 356 1627 382 ,-
1651 343 1734 391 plu-

428 425 456 444 „
485 399 628 436 r-irniim
656 396 692 432 in
708 394 881 432 Domino
902 393 1222 432 commendamus
1251 394 1355 441 pium
1372 403 1520 430 morem
1548 391 1585 429 in
1603 392 1734 441 pleris-

429 476 458 496 ,,
486 461 557 498 que
572 447 842 496 Hispaniarum
860 445 1094 485 Dioecefibus
1116 446 1312 494 vigentem
1327 472 1338 489 ,
1362 452 1403 482 ut
1419 442 1565 483 Clerici
1593 452 1673 482 tam
1692 444 1733 483 in

428 527 458 548 „
487 498 703 538 minoribus
719 526 729 543 ‚
744 498 858 547 quam
883 498 922 535 in
936 498 1140 543 majoribus
1152 495 1364 536 Ordinibus
1379 494 1576 533 constituti
1591 522 1603 540 ‚
1623 504 1736 543 atque

428 580 458 598 „
486 549 608 591 etiam
623 550 873 598 Presbyteri,
906 550 1056 587 tametsi
1076 547 1265 588 Beneficia
1280 577 1291 594 ‚
1318 549 1380 586 vel
1395 546 1535 588 Officia
1552 547 1736 585 Ecclesia-

429 631 458 650 „
486 605 576 642 stica
593 615 669 640 non
685 602 869 640 habentes
882 629 894 646 ‚
917 601 1184 649 superpelliceo
1201 600 1324 639 induti
1339 601 1378 638 in
1390 598 1568 639 Ecclefiis
1583 625 1594 643 ‚
1605 598 1738 647 quibus

430 683 459 702 ,,
488 652 665 703 adscripti
681 653 820 690 fuerint
835 679 846 697 ,
862 651 979 690 Missae
995 652 1255 690 conventuali
1282 664 1369 689 cum
1385 659 1501 690 cantu
1514 650 1712 688 celebratae
1728 678 1739 696 ‚

430 734 459 753 ‚‚
488 718 640 744 necnon
660 704 804 753 primis,
820 705 857 742 δε
874 704 1044 742 secundis
1060 704 1233 752 vesperis
1246 702 1393 748 Officii,
1407 703 1540 741 diebus
1557 701 1740 739 Domini-

430 786 457 805 „
486 760 541 796 cis
556 785 566 801 ,
582 757 736 805 aliisque
751 755 864 794 Festis
884 755 1050 794 assistant
1066 784 1076 793 .
1106 756 1213 804 Qin
1230 753 1313 794 imo
1325 754 1437 794 enixe
1455 756 1656 792 hortamur
1671 780 1682 798 ,
1699 762 1740 791 ut

431 837 459 857 „
491 808 661 858 Episcopi
678 808 840 846 aliarum
857 807 1094 847 Dioecefium
1109 835 1121 853 ,
1149 808 1335 857 inquibus
1358 818 1442 846 mos
1456 806 1521 844 ille
1544 803 1740 844 institutus

433 889 461 909 ‚,
491 862 673 899 liaRenus
698 871 774 896 non
788 859 904 897 fuerit
921 887 932 903 ‚
948 858 986 896 id
1002 861 1040 896 in
1057 861 1246 907 posterum
1261 858 1399 895 servari
1414 864 1546 895 curent
1561 857 1600 894 in
1614 857 1743 894 omni-

432 940 462 960 „
491 912 584 957 bus,
605 923 649 950 ac
675 910 822 959 insuper
844 910 1021 959 satagant
1036 937 1046 953 ‚
1079 918 1119 946 ut
1144 920 1278 946 omnes
1300 907 1550 946 Ecclefiastici
1574 907 1741 957 praedicsti

421 990 462 1010 ,,,
492 964 610 1001 etiam
627 961 901 1000 collationibus
917 960 1103 998 habendis
1116 972 1246 998 coram
1260 960 1442 997 Parochis
1455 958 1526 995 suis
1540 985 1551 1002 ,
1576 959 1639 997 vel
1657 959 1741 997 aliis

435 1042 463 1060 ‚,
493 1015 540 1051 ab
559 1014 740 1061 Episcopo
752 1012 957 1060 deputatis,
971 1013 1074 1059 super
1086 1010 1490 1052 cafibus‚conscientiae
1506 1008 1633 1046 forum
1648 1022 1745 1048 con-

437 1093 464 1111 „
493 1064 750 1105 cernentibus,
763 1063 800 1100 ἃ
815 1062 920 1110 super
935 1060 1068 1099 ritibus
1083 1087 1094 1104 ,
1110 1072 1152 1098 ac
1167 1057 1403 1098 caeremeniis
1416 1056 1529 1097 sacris
1543 1061 1720 1100 interfint
1735 1090 1744 1099 .

492 1119 511 1152 8
570 1142 597 1160 ,‚
628 1115 673 1151 Et
689 1113 871 1161 quoniam
887 1113 922 1149 in
939 1112 1122 1161 praedictis
1140 1111 1410 1161 Hispaniarum
1425 1110 1569 1162 Regnis
1589 1113 1747 1162 reperiri

439 1195 467 1214 ‚‚
496 1166 758 1204 intelleximus
776 1163 965 1202 Beneficia
980 1191 992 1209 ‚
1019 1165 1055 1202 δε
1085 1163 1352 1213 Capelianias,
1381 1161 1503 1201 etiam
1523 1163 1571 1202 de
1585 1167 1748 1215 Jurepa-

439 1247 468 1266 „
496 1228 674 1256 tronatus
687 1244 699 1261 ,
711 1217 772 1254 vel
791 1214 1136 1255 Ecclefiasticorum
1152 1242 1163 1261 ‚
1176 1216 1238 1253 vel
1253 1215 1458 1253 Laicorum
1471 1239 1483 1257 ‚
1497 1216 1601 1253 nullo
1614 1225 1748 1255 tamen

440 1298 470 1318 „
498 1278 605 1307 certo
621 1276 806 1317 proventu
823 1268 1022 1305 instructas
1037 1293 1047 1310 ,
1073 1268 1134 1305 vel
1151 1267 1246 1305 adeo
1259 1265 1392 1311 tenui,
1419 1274 1461 1302 ut
1487 1278 1555 1304 nec
1571 1266 1618 1305 ad
1632 1266 1752 1306 dimi-

440 1350 469 1370 „
497 1320 603 1358 diam
620 1347 631 1364 ‚
660 1331 729 1357 nec
747 1319 794 1356 ad
810 1320 966 1356 tertiam
983 1326 1131 1366 partem
1152 1329 1328 1368 congruae
1342 1343 1353 1360 ‚
1368 1328 1435 1365 pro
1449 1315 1610 1356 Clericis
1625 1318 1671 1356 ad
1684 1320 1749 1357 Sa·

438 1401 468 1420 ‚‚
497 1384 583 1409 cros
599 1370 770 1409 Ordines
787 1370 1057 1418 promovendis
1071 1370 1298 1412 necess'ariae,
1315 1368 1509 1410 ascendan-
1522 1368 1634 1408 malis
1649 1370 1748 1408 haud

440 1452 468 1471 ‚‚
497 1422 656 1469 quidem
681 1422 828 1458 levibus
856 1420 944 1457 inde
967 1420 1258 1469 erumpentibus
1292 1430 1492 1457 occurrere
1521 1422 1717 1468 cupientes
1734 1449 1747 1467 ‚

441 1503 470 1523 ‚,
498 1473 696 1511 statuimus
709 1499 720 1517 ‚
743 1472 781 1510 ὃ(
800 1471 1048 1517 mandamus,
1065 1471 1166 1519 quod
1186 1470 1359 1520 Episcopi
1381 1469 1429 1507 ad
1446 1470 1749 1519 Beneficiorum,

441 1554 471 1575 „
499 1527 538 1565 ὃς
552 1523 891 1573 capellaniarum,
915 1534 995 1571 quae
1025 1524 1174 1561 nullum
1204 1531 1353 1560 certum
1368 1521 1564 1560 redditum
1581 1524 1723 1562 habent
1740 1551 1751 1568 ,

443 1606 472 1625 ‚,
499 1573 794 1623 suppreffionem
807 1574 936 1613 statim
948 1573 1159 1612 deveniant
1174 1602 1183 1611 .
1206 1575 1266 1611 De
1279 1573 1365 1611 aliis
1378 1575 1473 1611 vero
1487 1573 1700 1621 Beneficiis,
1713 1575 1752 1613 &C

444 1657 474 1676 ‚,
501 1626 734 1674 Capelianiis
746 1651 758 1668 ,
781 1636 945 1672 quarum
970 1634 1093 1663 certus
1105 1636 1255 1663 annuus
1268 1624 1412 1662 fruetus
1427 1624 1474 1661 ad
1491 1636 1753 1665 memoratam

444 1707 475 1728 ,,
503 1677 639 1715 saltem
656 1676 814 1713 tertiam
830 1686 1007 1726 congruae
1030 1685 1179 1725 partem
1196 1687 1271 1712 non
1287 1675 1456 1713 arcendit
1470 1703 1480 1719 ‚
1497 1676 1752 1723 decernimus,

444 1759 476 1778 „
504 1726 600 1766 nulli
628 1728 668 1765 in
693 1728 881 1776 posterum
897 1726 1173 1764 conferendam
1189 1724 1259 1764 effe
1276 1726 1440 1775 primam
1458 1727 1671 1766 Tonsuram
1690 1741 1754 1766 ra·

446 1810 475 1830 „
504 1780 612 1817 tione
635 1778 726 1824 juris
750 1775 967 1825 assequendi
982 1776 1136 1826 aliquod
1164 1789 1210 1815 ex
1235 1777 1347 1815 dictis
1363 1777 1589 1823 Beneficiis,
1615 1780 1652 1818 &
1671 1780 1751 1818 Ca-

447 1860 476 1880 „
505 1829 682 1880 pellaniis
700 1857 709 1866 .
737 1828 867 1877 thue
882 1828 1160 1867 Patronatuum
1182 1830 1264 1874 jura
1282 1855 1293 1873 ,
1317 1831 1506 1878 quantum
1520 1829 1602 1867 fieri
1619 1830 1727 1881 possit
1746 1857 1757 1876 ,

447 1911 476 1932 ‚,
505 1882 608 1920 salva
618 1888 843 1918 remaneant
856 1895 871 1921 5
897 1879 1013 1918 liceat
1028 1880 1206 1918 Patronis
1222 1889 1302 1919 tam
1317 1881 1587 1919 Ecclefiasticis
1605 1909 1616 1926 ‚
1641 1884 1755 1931 quam

447 1962 477 1982 „
504 1933 629 1971 Laicis
655 1931 705 1970 ad
726 1932 828 1970 dieta
845 1929 1035 1970 Beneficia
1051 1959 1062 1976 ‚
1084 1933 1122 1971 δι
1149 1930 1399 1981 Capellanias
1427 1934 1628 1971 nominare
1643 1961 1654 1978 ,
1679 1945 1756 1972 non

447 2012 478 2033 ‚‚
507 1992 642 2023 tamen
668 1983 789 2021 veluti
815 1982 863 2020 ad
878 1981 1068 2020 Beneficia
1079 1984 1340 2022 Ecclefiastica
1352 2011 1363 2029 ,
1380 1985 1615 2034 requirentia
1633 1986 1673 2023 in
1690 1997 1760 2022 no·-

448 2063 478 2084 ,‚
507 2033 719 2076 minandis‚
732 2035 898 2083 primam
909 2033 1125 2072 Tonsuram
1142 2060 1153 2079 ,
1176 2035 1237 2072 sed
1251 2044 1436 2083 tanquam
1461 2036 1508 2074 ad
1525 2037 1652 2085 legata
1668 2035 1727 2086 pia
1743 2048 1758 2075 ³·

449 2115 479 2134 ‚‚
507 2086 545 2125 &
560 2085 777 2128 nominati,
805 2085 957 2122 tametfi
970 2085 1135 2134 primam
1152 2085 1369 2124 Tonsuram
1382 2100 1458 2135 non
1474 2089 1657 2127 habentes
1672 2114 1683 2132 ,
1711 2098 1758 2124 ea

449 2165 478 2185 ‚,
508 2137 672 2175 retinere
688 2134 824 2185 poffint
841 2136 896 2173 uti
915 2136 974 2184 pia
987 2137 1222 2188 legata‚cum
1242 2150 1360 2176 onere
1376 2139 1610 2189 adimplendi
1625 2138 1758 2176 omnia

451 2215 481 2236 ,‚
507 2199 640 2233 onera,
654 2187 675 2225 a
686 2187 969 2226 Fundatoribus
984 2187 1153 2234 injuncta
1167 2218 1176 2226 .

506 2254 533 2287 9
584 2266 611 2285 ‚,
638 2238 728 2276 Non
743 2239 818 2277 sine
831 2240 939 2287 gravi
953 2240 1074 2278 animi
1086 2240 1214 2278 Nostri
1229 2241 1362 2280 dolore
1387 2242 1507 2281 etiam
1520 2241 1736 2290 accepimus
1751 2267 1762 2286 ‚

453 2318 481 2338 „
508 2291 1091 2347 quod‚quamquamTridentina
1106 2293 1284 2341 Synodus
1301 2293 1761 2342 decreverit,omnes,qui,

447 2369 487 2395 ¹„
515 2342 772 2390 Pax-ocinum,
787 2343 850 2383 vel
862 2344 1110 2391 alias,curam
1126 2344 1346 2389 animarum
1361 2356 1551 2384 annexam
1563 2344 1765 2390 habentes,

1696 2395 1768 2433 Ec·
