2043 2958
520 174 532 193 1

650 212 695 264 T
718 235 730 262 1
754 233 780 260 τ
802 232 830 260 u
853 234 871 258 L
891 233 919 259 U
942 232 961 258 s
1013 210 1063 260 X
1078 210 1140 258 V.
1489 229 1553 274 59

232 288 307 335 les
332 283 492 334 Nobis
523 283 703 333 fuerint
729 302 894 353 preces
914 280 1176 350 expositae,
1201 284 1250 333 &
1269 279 1463 330 suarum
1483 302 1557 332 16-

234 355 452 424 spestive
484 355 801 406 Eccleharum
830 359 1028 405 nomine
1068 358 1282 420 petitum
1325 371 1415 420 pro
1440 333 1560 416 ejus-

230 428 348 476 dem
391 428 449 475 ad
465 426 627 494 ipsos,
657 429 705 476 &
723 426 942 494 ipsorum
963 423 1243 508 quemlibet
1280 422 1559 474 extensione

229 498 457 556 decreti3
489 502 554 546 eis
577 498 676 549 Nos
697 499 885 548 idcirco
919 500 1130 566 gratiam
1148 496 1368 544 volentes
1399 494 1558 546 facere

230 567 528 635 specialem,
546 570 798 619 decretum
817 571 948 619 idem
968 574 1141 631 ,juxta
1161 571 1314 636 petita
1331 569 1557 616 extendi-

231 658 368 698 mus3
400 640 450 688 ὃ(
467 638 716 689 facultates
737 640 859 708 ipsas
879 639 1166 708 Episcopis,
1185 658 1284 687 non
1302 638 1450 686 modo
1468 643 1555 705 qui

231 709 550 776 personaliter
566 711 706 760 sacrae
726 712 842 761 huic
859 710 1060 777 Synodo
1081 707 1380 766 interfuere,
1411 706 1491 756 sed
1508 711 1558 759 ὃς

230 784 351 846 qui,
381 779 604 847 legitime
625 784 886 849 impediti,
924 797 1117 829 certum
1140 799 1224 846 per
1244 797 1414 827 eorum
1435 778 1559 826 Pro-

233 865 507 898 curatorem
526 850 1415 915 accefferunt,favorabiliter,congrua
1437 865 1556 895 con-

230 925 363 986 gruis
393 918 646 969 referendo
671 957 689 978 ,
722 921 1075 975 concedimus,
1115 921 1164 969 &
1200 921 1549 988 impartimur·
1536 956 1551 976 ,

234 989 421 1037 eisdem
447 1005 611 1040 tamen
629 995 681 1039 in
698 992 927 1041 omnibus
947 1028 962 1048 ,
995 1007 1100 1057 quoe
1119 992 1170 1037 in
1189 1009 1245 1039 eo
1265 992 1557 1055 exprimun-

235 1074 315 1106 tur
332 1095 349 1116 ,
369 1060 737 1109 conditionibus
754 1061 954 1109 servatis
977 1096 986 1106 .

484 1191 563 1240 *³*
684 1198 909 1248 CAP.
986 1196 1094 1246 IX.

233 1304 468 1353 sacrarum
494 1303 850 1351 Caetemoniarum
876 1300 1102 1382 neglefflss
1117 1273 1398 1371 οϊὲῆνῖῗψιν.
1438 1302 1557 1350 Clesi

316 1374 600 1442 Congregatio
635 1389 787 1441 quater
816 1373 980 1438 fhltem
1016 1391 1064 1419 tn
1101 1371 1241 1435 mens}
1272 1371 1468 1420 habenda

408 1444 641 1494 mandatur
685 1459 765 1508 pro
794 1443 1020 1509 fhcrorum
1052 1442 1239 1489 Rituum
1266 1475 1282 1497 ,
1327 1443 1381 1488 Θ

483 1514 663 1579 Cafimm
684 1512 946 1579 conscientiae
962 1511 1272 1578 disceptatione
1291 1547 1303 1557 .
1469 1489 1594 1567 jd
1607 1520 1694 1576 3?-

337 1620 469 1676 Ane,
484 1631 649 1685 prout,
670 1615 960 1683 quibusdam
977 1615 1319 1672 referentibUS,
1340 1616 1389 1664 ὃς
1406 1634 1552 1683 expe-

370 1693 544 1738 rientia
573 1685 674 1753 ipsa
708 1723 724 1745 ,
777 1706 876 1735 non
922 1687 1016 1735 fine
1047 1691 1186 1754 gravi
1217 1686 1362 1734 nostri
1393 1688 1550 1735 cordis

234 1759 420 1816 dolore,
439 1760 721 1814 didicimus,
742 1757 904 1823 plures
925 1757 1034 1805 sunt
1049 1755 1386 1813 Ecclefiarum,
1402 1761 1550 1805 etiam

231 1848 331 1877 non
349 1828 663 1896 ignobilium,
681 1825 1024 1891 sacrorumque
1041 1826 1295 1873 Altarium
1313 1824 1549 1883 Ministri,

232 1904 360 1967 qui,
387 1916 560 1967 parum
582 1895 715 1944 illius
736 1895 1033 1944 attendentes
1056 1895 1380 1957 majestatem,
1410 1898 1459 1944 &
1475 1896 1549 1943 di-

234 1989 317 2036 gni
327 1985 508 2025 tatem
548 1968 603 2015 ad
625 1972 757 2029 cujus
778 1970 1011 2015 intimum
1029 1965 1138 2013 sunt
1157 1964 1448 2014 famulatum
1468 1966 1548 2013 ad*

235 2041 352 2089 dieti
376 2077 391 2097 ,
429 2044 480 2088 in
502 2038 547 2087 Γ
551 2038 704 2094 horo
738 2039 790 2084 in
820 2034 1021 2093 Altari,
1059 2037 1108 2086 &
1140 2035 1341 2103 reliquis
1373 2035 1544 2084 officiis

237 2109 594 2165 ecclesiasticiS,
611 2112 678 2157 ita
694 2111 855 2157 minus
876 2112 985 2176 apte
1001 2105 1046 2154 se
1067 2105 1278 2163 habent,
1297 2121 1349 2153 ut
1368 2110 1420 2154 in
1437 2106 1547 2173 plu-

232 2186 477 2230 rimorum
510 2144 816 2238 sca'ndalum,
847 2181 896 2229 &
914 2177 1201 2246 exemplum
1218 2175 1545 2245 perniciosum

234 2253 286 2299 id
305 2254 474 2302 cedere
494 2250 830 2318 dionoscatur.
870 2249 1104 2299 Rubricae
1136 2267 1346 2314 namque
1363 2261 1416 2295 ut
1435 2247 1544 2313 plu-

234 2327 330 2372 rin
326 2343 421 2372 um
449 2328 769 2391 ignorantur,
799 2324 847 2373 ἃ
865 2319 1004 2370 iactae
1025 2323 1319 2370 caeremoniae
1340 2316 1421 2366 usu
1440 2314 1544 2384 ipso

986 2391 1035 2441 H
1077 2412 1100 2439 2
1421 2387 1542 2436 vile-
