2043 2958
628 204 674 256 T
696 227 708 253 1
732 225 758 252 T
781 226 808 252 U
832 225 849 251 L
871 225 899 251 U
923 224 940 250 s
997 203 1035 252 I.
1470 220 1499 261 7

169 279 218 327 ὃ(
235 275 316 324 fel.
343 295 436 326 rec.
460 274 694 326 Clemens
717 277 844 343 Papa
865 274 1004 323 VIII.
1035 273 1347 323 retinendum
1364 292 1502 321 man-

169 348 308 396 davit
325 385 340 406 ‚
362 347 529 397 senfim
549 384 565 406 ‚
592 350 640 398 ὃζ
661 352 760 416 quo
782 362 1014 416 poterunt
1035 383 1051 405 ,
1073 346 1218 413 plane
1239 344 1463 393 imbuant
1483 365 1499 403 ;

169 437 318 468 unam
338 420 525 487 semper
545 456 560 477 ,
592 421 914 486 eamdemque
947 418 1155 467 docendi
1194 416 1413 482 regulam
1434 416 1503 464 ie-

169 507 395 556 quentes,
412 509 518 558 quae
536 491 763 541 servanda
784 491 867 539 hic
889 489 1086 539 dabitur
1103 494 1155 537 in
1173 488 1470 556 Appendice
1483 523 1495 535 .

166 560 441 612 Puerorum
474 567 587 611 vero
614 578 837 632 parentes
860 562 1108 611 adhortari
1127 580 1223 609 non
1245 563 1498 616 omittant,

167 650 287 699 quos
319 637 465 682 etiam
496 635 813 683 adnortamur
832 634 934 684 Nos
958 669 974 691 ,
1002 634 1050 682 &
1068 632 1384 681 admonemus
1407 667 1422 688 ‚
1445 643 1498 678 ut

166 709 393 771 proprios
414 704 565 754 Filios
604 707 737 755 domi
754 706 897 756 bonis
917 703 1138 753 moribus
1157 741 1173 761 ,
1208 702 1375 752 verbis
1395 736 1410 757 ,
1447 702 1498 749 &

167 775 409 842 exemplis
428 776 691 835 instituant;
707 793 850 844 atque
871 796 941 833 ea,
964 794 1069 842 quae
1090 774 1147 821 ad
1165 772 1498 824 Christianam

168 844 441 895 doctrinam
476 851 726 914 pertinent
761 884 777 904 ,
807 845 972 896 sedulo
1007 845 1240 893 edoceant
1275 879 1291 900 ,
1323 842 1497 891 eadem

166 914 357 977 crebro,
375 937 480 988 quae
500 917 610 968 illos
631 919 841 969 Parochi
860 917 1171 972 edocuerint‚
1191 928 1467 979 repetentes
1482 947 1494 960 .

648 1062 695 1109 C
733 1062 784 1107 A
821 1061 875 1107 P.
951 1062 1015 1107 V.

219 1165 406 1217 Rustici
418 1199 435 1221 ‚
456 1164 512 1211 ὠ·
534 1161 702 1211 Adulti
723 1162 923 1228 quomodo
941 1165 988 1208 in
1006 1162 1137 1210 Fidei
1155 1160 1424 1207 rudimentis

675 1231 946 1281 instituendi
963 1244 979 1279 ?

308 1340 361 1391 D
392 1340 496 1391 haec
513 1339 617 1390 Nos
637 1339 729 1389 alia
748 1376 763 1398 ‚
790 1341 840 1389 &
863 1337 1070 1388 dolenda
1090 1339 1293 1405 quidem
1307 1371 1324 1394 ,
1355 1354 1492 1385 reco-

341 1417 550 1481 gitamus
572 1448 588 1470 ,
612 1430 785 1480 pueros
813 1429 991 1477 nempe
1008 1445 1024 1467 ,
1057 1408 1388 1458 Christianam
1408 1408 1496 1455 do-

164 1488 374 1534 &trinam
403 1483 672 1532 edocendos
690 1519 706 1541 ,
744 1501 841 1530 non
873 1498 1040 1529 omnes
1074 1482 1128 1526 in
1157 1477 1462 1529 Civitatibus
1476 1510 1501 1536 ,-

163 1558 213 1607 δε
235 1555 448 1623 Oppidis
478 1556 734 1611 habitare3
771 1556 875 1600 imo
897 1570 991 1599 non
1010 1568 1186 1617 paucos
1216 1554 1270 1597 in
1295 1567 1492 1616 campe-

160 1626 334 1678 stribus
359 1624 647 1673 animalium
667 1623 889 1672 custodiae
910 1621 1125 1670 addictos
1148 1657 1164 1678 ‚
1184 1620 1408 1669 rusticam
1430 1618 1490 1666 fic

163 1702 320 1747 vitam
358 1715 526 1763 agere,
566 1711 653 1753 ut,
690 1694 789 1762 post
825 1710 1081 1761 receptum
1105 1691 1324 1740 salutaris
1355 1708 1491 1757 aquae

161 1769 414 1818 lavacrum
434 1804 450 1825 ,
482 1767 727 1835 spirituali
759 1765 832 1815 ibi
865 1764 1042 1831 absque
1078 1763 1336 1811 educatore
1368 1780 1489 1808 enu-

161 1843 271 1888 triti
286 1876 315 1895 ,⁷
338 1857 496 1903 neque
518 1873 534 1894 ,
566 1856 624 1884 an
639 1837 850 1902 Spiritus
882 1834 1068 1882 sanstus
1106 1833 1190 1890 fit,
1231 1851 1487 1899 unquam-³

161 1909 430 1958 audierint:
470 1905 755 1973 adultosque
774 1904 968 1971 insuper
993 1904 1177 1952 multos
1198 1906 1326 1950 intra
1349 1919 1488 1949 com-

162 1984 431 2029 munitates
451 1996 707 2026 occurrere
728 2013 744 2034 ,
777 1979 863 2042 qui
883 1973 1051 2023 nostrae
1072 1978 1220 2022 etiam
1239 1975 1488 2040 principa-

161 2052 284 2100 liora
318 2050 432 2098 fidei
452 2086 468 2107 ,
494 2048 692 2097 summae
723 2047 909 2096 scilicet
929 2046 1189 2096 Trinitatis
1205 2080 1221 2102 ,
1256 2045 1305 2093 &
1323 2042 1488 2091 Incar-

160 2125 371 2172 nationis
404 2156 420 2178 ‚
465 2119 696 2186 mysteria
733 2124 958 2188 ignorent
989 2154 1004 2176 ,
1050 2120 1132 2174 &,
1164 2115 1295 2184 quod
1331 2118 1485 2180 magis

164 2191 479 2243 lamentabile
499 2191 560 2239 est
580 2227 595 2249 ‚
622 2212 735 2240 cum
768 2194 942 2241 ceteris
978 2194 1029 2237 in
1048 2187 1212 2237 schola
1243 2184 1486 2233 addiscere

163 2264 554 2314 verecundantur
577 2300 587 2310 .
633 2263 842 2312 AEternae
880 2262 1067 2309 idcirco
1103 2259 1307 2308 illorum
1344 2255 1485 2302 saluti

161 2335 412 2386 consulere
431 2354 742 2404 quocumque
762 2334 908 2385 modo
929 2337 1179 2402 cupientes
1201 2367 1217 2391 ,
1254 2329 1487 2447 Pariocthis

1360 2401 1394 2445 il
1419 2399 1486 2448 ris
