2043 2958
455 240 551 285 124
916 219 1291 267 APPENnix

456 294 634 344 „potest
649 318 660 337 ‚
688 302 753 329 eos
776 291 934 328 tantum
962 287 1010 327 ad
1028 287 1295 327 Sacerdotium
1312 288 1534 333 assumant,
1559 290 1622 339 qui
1638 289 1771 329 saltem

456 373 484 392 ‚,
511 343 734 392 Theologiae
751 341 909 381 moralis
923 351 1189 390 competenter
1207 340 1319 389 periti
1344 341 1416 378 fint
1432 368 1441 376 .
1768 376 1772 379 ,

511 413 528 443 5
588 424 613 442 „
642 394 761 442 Qod
778 396 802 431 si
818 393 1064 432 domicilium
1090 394 1126 430 in
1144 404 1218 430 una
1234 391 1402 431 Dioecefi
1417 392 1601 430 habentes
1614 420 1625 438 ‚
1650 395 1771 431 Bene-

460 477 489 496 „
516 449 647 486 ficium
663 447 807 485 veroin
825 447 948 484 altera
963 473 974 492 ,
991 444 1164 484 ordinari
1181 444 1228 482 ad
1242 444 1408 489 ejusdem
1423 442 1602 482 Beneficii
1615 446 1771 483 titulum
1794 440 1799 452 ’

462 528 490 546 ,,
517 499 739 549 optaverint
755 499 802 536 ab
822 498 1004 548 Episcopo
1017 525 1028 542 ‚
1042 498 1079 535 in
1094 499 1198 542 cujus
1213 496 1379 542 Dioecesi
1394 494 1628 538 Beneficium
1643 496 1770 541 hujus-

463 579 492 598 „
520 551 627 590 modi
642 552 755 588 situm
771 551 822 588 est
837 576 848 594 ‚
881 551 1083 599 Episcopus
1099 546 1291 587 domicilii
1310 548 1449 586 debeat
1467 560 1532 586 eos
1546 576 1557 593 ‚
1574 548 1600 585 si
1615 548 1651 585 in
1666 548 1770 586 suam

465 630 494 647 ‚,
523 604 733 641 Dioecesim
759 602 944 640 reversuri
968 602 1051 640 sunt
1069 629 1079 645 ‚
1109 602 1216 649 super
1231 599 1414 645 scientia,
1439 600 1501 638 vel
1532 600 1772 639 idoneitate-³

467 680 495 699 ‚,
521 655 739 692 examinare
768 662 857 691 ante
883 652 1164 691 conceffionem
1192 653 1393 690 literarum
1420 650 1768 697 testimonialium,

466 731 494 751 ,‚
521 707 627 755 super
646 717 780 744 eorum
800 705 1004 748 natalibus,
1019 714 1144 748 aetate,
1158 704 1328 741 moribus
1342 729 1354 747 ,
1367 705 1406 742 δέ
1420 703 1500 742 vita
1518 731 1530 748 ‚
1543 706 1650 750 juxta
1665 703 1771 742 Con-

468 784 496 802 ,,
526 758 764 796 stitutionem
797 755 859 794 fel.
890 768 963 794 rec.
992 754 1209 794 Innocentii
1239 756 1342 804 Papae
1372 754 1461 794 XII.
1491 755 1772 793 Praedecessoris

470 835 499 853 .„
527 809 681 854 Nostri,
706 821 784 856 quae
813 806 946 856 incipit
974 810 1248 856 Speculatores,
1272 807 1569 846 obtinendarum
1596 823 1611 848 5
1640 807 1771 845 addito

471 886 500 904 a,
527 873 675 910 quoque
691 869 895 908 compertae
924 860 1149 897 idoneitatis
1166 859 1386 896 testimonio
1410 860 1450 895 in
1465 859 1602 896 iitdem·
1621 858 1740 896 literis
1758 871 1767 895 :

470 937 498 956 ‚‚
527 915 653 961 haeque
676 911 1063 949 concedinullatenus
1076 910 1241 947 debeant
1257 936 1268 953 ‚
1297 910 1323 946 si
1348 909 1544 947 antedieio
1565 910 1770 949 examine)

470 989 498 1007 ,,
526 972 723 1010 tamquam
740 962 887 999 habiles
911 963 1110 1009 approbati
1133 974 1208 998 non
1231 962 1372 998 tuerint
1387 987 1397 1005 ‚
1421 961 1536 1009 iisque
1560 963 1664 1004 juxta
1681 974 1773 1009 prae-

467 1038 497 1059 2,
526 1015 680 1051 missam
708 1013 874 1049 formam
899 1024 975 1048 non
1006 1014 1223 1058 impetratis
1240 1038 1250 1054 ,
1280 1012 1442 1048 minime
1467 1009 1603 1058 possint
1624 1012 1670 1048 ab
1695 1013 1774 1050 alio

468 1089 498 1109 ,,
527 1065 712 1111 Episcopo
728 1090 739 1107 ,
762 1063 822 1099 cni
837 1062 957 1098 etiam
977 1063 1127 1099 ratione
1144 1063 1293 1099 obte÷·ti
1311 1060 1488 1098 Beneficii
1504 1061 1656 1106 subjecti
1670 1064 1740 1100 sint
1761 1089 1773 1107 ,

469 1141 497 1160 ‚‚
527 1115 575 1152 ad
589 1115 754 1153 Ordines
772 1113 991 1162 promoveri
1008 1124 1018 1150 ι
1047 1114 1147 1162 sique
1169 1114 1271 1150 secus
1287 1112 1352 1150 fiat
1368 1140 1378 1157 ‚
1405 1111 1602 1151 Ordinans
1617 1114 1774 1160 ¹quidem

467 1191 495 1213 ,,
524 1167 544 1205 a
559 1165 767 1204 collatione
781 1165 977 1204 Ordinum
993 1178 1056 1214 per
1073 1177 1215 1203 annum
1232 1193 1243 1210 ,
1259 1165 1473 1204 Ordinatus
1488 1167 1580 1203 vero
1607 1165 1628 1203 a
1656 1165 1774 1203 susce-

467 1244 497 1264 „
524 1227 678 1267 ptorum
694 1216 888 1257 Ordinum
915 1218 1140 1258 executione
1157 1245 1168 1263 ,
1190 1217 1373 1267 quamdiu
1402 1217 1553 1266 proprio
1564 1216 1775 1255 Ordinario

467 1296 498 1315 ,,
525 1270 721 1308 videbitur
732 1269 923 1317 expedire,
935 1282 981 1307 eo
995 1271 1072 1318 ipso
1088 1270 1274 1320 suspenliis
1288 1269 1347 1313 fit,
1359 1269 1515 1317 aliisque
1528 1268 1675 1317 insuper
1688 1280 1776 1317 gra-

466 1346 496 1366 ‚‚
526 1320 696 1359 vioribus
720 1321 866 1370 poenis,
881 1333 949 1369 pro
962 1321 1080 1359 modo
1094 1322 1235 1370 ciilpae,
1259 1320 1399 1359 Nostro
1413 1347 1424 1364 ‚
1448 1321 1484 1358 ὃ(
1510 1332 1578 1368 pro
1597 1329 1772 1368 tempore

466 1397 494 1417 „
523 1372 720 1410 existentis
737 1371 902 1413 Romani
922 1372 1120 1411 Pontificis
1138 1372 1311 1416 arbitrio,
1329 1371 1541 1421 infligendis
1555 1398 1567 1416 ‚
1586 1380 1773 1420 uterque-2

466 1449 495 1469 ,‚
524 1424 739 1468 subjaceat.
769 1423 946 1471 Cumque
973 1425 1117 1470 etiam,
1136 1427 1241 1470 juxta
1267 1433 1523 1462 memoratam
1551 1422 1771 1461 innocentii

466 1501 493 1520 ‚‚
523 1474 808 1514 praedecessoris
821 1474 1148 1513 Constitutionem
1160 1503 1171 1521 ‚
1187 1476 1335 1514 ratione
1352 1503 1364 1520 ‚
1392 1488 1435 1513 ac
1456 1476 1571 1514 titulo
1586 1474 1766 1511 Beneficii

465 1553 495 1572 ,,
525 1526 562 1565 in
579 1527 703 1565 aliena
719 1525 886 1564 Dioecefi
903 1525 1070 1572 obtenti,
1084 1539 1160 1566 non
1177 1528 1292 1566 aliter
1308 1528 1423 1565 liceat
1437 1526 1605 1564 Ordines
1622 1526 1668 1562 ab
1682 1526 1774 1574 Epi-

467 1604 495 1623 „
523 1579 635 1627 scopo
647 1577 813 1623 ejusdem
829 1577 1019 1616 Dioecesis
1032 1579 1212 1628 suscipere
1230 1607 1242 1625 ‚
1266 1580 1379 1626 quam
1397 1579 1422 1616 si
1437 1577 1668 1616 Beneficium
1683 1590 1776 1625 prae-

465 1655 494 1675 ,,
523 1629 669 1667 dietum
697 1629 742 1665 fit
756 1631 834 1673 ejus
851 1628 1024 1667 redditus
1037 1656 1049 1673 ‚
1074 1639 1113 1668 ut
1130 1631 1179 1667 ad
1192 1641 1404 1680 congruam
1429 1631 1514 1668 vitae
1530 1629 1773 1667 sustentatio-

465 1707 494 1726 „
522 1693 611 1719 nem
626 1707 638 1725 ‚
655 1679 839 1717 detractis
855 1680 1036 1718 oneribus
1049 1706 1060 1724 ‚
1076 1681 1189 1728 perse
1202 1681 1359 1718 sufficiat
1373 1696 1387 1721 ,·
1414 1680 1655 1719 declaramus
1672 1707 1683 1725 ,
1700 1680 1774 1717 suf-

465 1758 493 1777 „
522 1731 732 1769 ficientiam
751 1730 964 1775 hujusmodi
982 1731 1267 1779 praefiniendam
1284 1732 1361 1770 esse
1376 1759 1387 1777 ‚
1413 1744 1489 1769 non
1502 1734 1607 1776 juxta
1621 1731 1773 1770 Taxam

463 1810 492 1829 ,,
520 1782 757 1832 Synodalem
773 1808 786 1826 ,
809 1782 886 1819 five
898 1793 1050 1819 morem
1075 1795 1142 1831 pro
1157 1783 1430 1831 promovendis
1450 1782 1497 1819 ad
1510 1783 1640 1821 Sacros
1655 1783 1775 1821 Ordi—

463 1860 493 1880 ‚‚
522 1846 588 1872 nes
608 1834 806 1883 vigentem
831 1833 870 1870 in
896 1832 984 1870 loco
1010 1833 1177 1882 praedic‘ti
1193 1832 1375 1873 Beneficii
1403 1833 1503 1878 (nisi
1531 1845 1662 1873 tamen
1679 1833 1773 1871 illud

463 1912 492 1931 ‚‚
521 1886 776 1931 continuam,
802 1884 1043 1934 &praecisam
1070 1884 1315 1924 residentiam
1337 1886 1559 1935 requirat),
1585 1885 1646 1923 sed
1666 1887 1772 1930 juxta

464 1963 492 1983 ,,
522 1939 676 1976 Taxam
693 1965 704 1982 ‚
717 1938 781 1975 vel
796 1963 807 1981 ‚
821 1947 867 1974 ea
881 1935 1087 1975 deficiente
1101 1964 1113 1983 ,
1135 1939 1242 1983 juxta
1258 1949 1407 1976 morem
1422 1964 1435 1983 ‚
1451 1937 1489 1975 in
1505 1938 1584 1975 alio
1596 1939 1683 1975 loco
1695 1936 1769 1974 do-

465 2015 494 2034 „
521 1988 660 2027 micilii
674 1989 872 2037 vigentem
886 2015 896 2027 .

513 2044 540 2076 6
593 2068 620 2085 ,,
650 2041 771 2078 Porro
798 2038 846 2076 ad
860 2038 1001 2077 sartam
1017 2067 1029 2084 ‚
1054 2040 1272 2090 testamque
1296 2040 1523 2079 servandam
1541 2040 1776 2085 Ecclesiasti-¹

460 2118 489 2137 „
517 2102 603 2127 cam
619 2090 860 2138 disciplinam
878 2102 954 2128 non
969 2091 1096 2129 minus
1113 2093 1303 2130 momenti
1318 2093 1450 2138 habet,
1468 2093 1568 2142 quod
1583 2092 1767 2132 Clericali

460 2169 489 2189 „
519 2142 666 2179 militiae
684 2153 827 2179 nomen
846 2141 938 2179 dare
955 2154 1031 2181 nou
1047 2144 1295 2192 permittatur
1310 2145 1355 2183 iis
1369 2173 1381 2191 ,
1395 2145 1457 2193 qui
1470 2144 1569 2182 haud
1582 2143 1667 2181 satis
1680 2142 1766 2180 ido-

459 2220 489 2239 „
516 2193 578 2231 nei
592 2193 662 2231 {int
679 2220 689 2237 ‚
704 2193 817 2242 quelm
832 2193 949 2242 quod,
966 2194 1091 2233 eidem
1108 2196 1257 2233 militiae
1279 2199 1357 2242 jam
1382 2196 1573 2245 adscripti,
1588 2194 1766 2231 laudabi-

457 2270 486 2290 ,,
516 2246 591 2282 lem
611 2244 771 2300 vivendi
788 2246 978 2283 rationem
1001 2246 1185 2285 l‘ee'tentur
1200 2274 1211 2292 ,
1225 2260 1385 2296 eamque
1396 2260 1547 2286 morum
1559 2248 1764 2287 exhibeant

456 2322 485 2341 ,,
513 2296 778 2334 innocentiam
797 2322 808 2340 ‚
841 2308 921 2345 quae
938 2297 1131 2336 sanctitati
1147 2299 1301 2348 suicepti
1327 2299 1488 2337 instituti
1513 2298 1764 2348 respondeat,

459 2372 488 2392 9,
516 2348 716 2395 multoque
737 2348 860 2395 magis
875 2374 887 2394 ‚
913 2349 1014 2397 quod
1036 2350 1250 2389 abstineant
1265 2352 1311 2389 iis
1324 2377 1338 2397 ‚
1364 2362 1441 2400 quae
1455 2350 1477 2389 ὲ.
1492 2351 1615 2390 Sacris
1629 2350 1764 2390 Cano-

1654 2403 1764 2445 nibus
