2043 2958
482 260 542 304 42
831 244 1444 295 CothmeoMAnl

482 315 686 362 rendum
708 349 724 372 ‚
759 316 887 382 quod
904 334 1047 385 penes
1062 314 1356 384 Episcopum
1374 350 1390 372 ‚
1418 314 1536 362 dum
1554 314 1787 372 vivebat,

482 384 800 436 asservabatur
820 423 836 445 ‚
862 387 894 435 fi
928 393 1054 438 inter
1075 390 1188 438 alias
1208 387 1341 436 illius
1370 385 1632 453 scripturas
1661 390 1785 435 acci-

479 455 606 506 derit
625 462 842 507 inveniri
862 496 870 507 .

549 636 683 684 Poenae
701 639 975 704 recensbntur
995 657 1143 688 contrat
1158 637 1468 688 Archivorum
1481 638 1691 705 proccffits
1704 669 1721 694 ,

670 707 921 757 documenta
937 744 954 767 ,
981 712 1036 758 Θ·
1056 711 1305 776 scripturas
1326 709 1603 777 quascumque

762 796 1028 828 temerantes
1042 812 1061 840 ²
1089 780 1480 848 velfitrripientes
1497 815 1510 827 .

646 884 936 949 Uicumque
961 883 1160 932 tandem
1191 883 1430 950 processus
1448 918 1465 941 ‚
1496 882 1757 951 scripturas
1775 917 1791 941 ‚

668 958 717 1005 &
752 957 1043 1003 documenta
1061 954 1339 1015 hujusmodi
1356 953 1619 1002 violaverit
1637 990 1653 1011 ,
1683 972 1794 1002 cor-

689 1026 877 1091 ruperit
894 1059 910 1080 ,
935 1023 1232 1073 subtraxerit
1252 1060 1268 1081 ,
1303 1023 1646 1080 combusserit,
1683 1022 1794 1089 sup-

473 1094 694 1160 prefferit
714 1129 729 1152 ,
760 1093 840 1141 seu
859 1091 1032 1140 fimilia
1059 1091 1167 1140 fieri
1197 1091 1503 1141 mandaverit
1519 1124 1538 1149 ,
1557 1106 1637 1139 aut
1656 1095 1797 1140 auxi-

473 1165 600 1213 lium
619 1199 635 1221 ,
672 1163 927 1212 consilium
946 1197 962 1219 ,
981 1162 1065 1209 vel
1083 1161 1304 1209 favorem
1323 1161 1600 1227 praestiterit
1616 1197 1634 1221 ,
1658 1166 1798 1210 omni

474 1234 528 1282 fit
546 1236 786 1301 dignitate
809 1268 824 1289 ,
855 1230 1014 1280 officio
1030 1268 1046 1288 ,
1062 1233 1110 1281 δε
1128 1229 1368 1280 beneficio
1387 1234 1607 1297 privatus
1625 1267 1642 1290 ‚
1662 1235 1712 1282 &
1733 1231 1793 1281 ad

473 1303 637 1354 futura
655 1303 923 1356 obtinenda
934 1301 1170 1370 inhabilis
1192 1321 1248 1353 eo
1266 1300 1371 1370 ipso
1389 1338 1401 1349 .

934 1408 1159 1460 CAP.
1235 1407 1342 1458 VI.

473 1482 559 1534 Ad
572 1483 779 1549 proprias
812 1478 1134 1546 conftrvandas
1156 1478 1408 1546 scripturas
1438 1497 1695 1548 unaquaeque
1713 1479 1796 1530 Ec·-

577 1552 703 1619 clefia
721 1585 738 1608 ,
757 1554 974 1617 locumque
988 1554 1109 1615 pium
1129 1549 1353 1617 quodlibet
1362 1549 1491 1615 suum
1512 1554 1657 1620 erigat
1671 1585 1689 1608 ,

839 1622 893 1668 &⁴
917 1619 1114 1668 instruat
1133 1619 1394 1667 Archivum
1411 1626 1426 1664 .’

637 1725 723 1774 Ine
757 1724 816 1774 ad
835 1723 1155 1776 Ecclefiarum
1185 1726 1487 1773 monimenta
1523 1723 1785 1782 servanda,

657 1810 760 1845 tuta
795 1800 849 1845 in
883 1814 1172 1863 unaquaque
1208 1793 1414 1843 Ecclesia
1444 1829 1460 1851 ,
1498 1793 1788 1844 Cathedrali

471 1869 743 1935 praesertim
760 1902 777 1925 ,
796 1866 1072 1933 Collegiata
1088 1900 1105 1922 ,
1125 1867 1174 1914 δι
1192 1863 1469 1914 Parochiali
1487 1899 1503 1921 ‚
1520 1863 1606 1912 ubi
1627 1879 1791 1914 tamen

470 1938 688 1987 instituta
713 1957 812 1987 non
828 1937 977 1986 adfint
992 1935 1216 1985 Archiva
1239 1971 1256 1993 ‚
1276 1939 1643 2003 quamprimum
1657 1935 1789 1984 insti-

473 2009 652 2057 tuenda
672 2010 1016 2074 praecipimus5
1047 2004 1299 2072 scripturis
1328 2005 1558 2054 omnibus
1580 2041 1597 2064 ,
1632 2006 1689 2055 ad
1709 2024 1784 2054 eas

472 2077 852 2146 pertinentibus,
869 2074 1204 2143 compulsatis,
1224 2076 1466 2125 recensitis
1481 2112 1497 2134 ,
1519 2075 1785 2126 &summa-

473 2153 537 2197 tis
557 2184 574 2206 ,
606 2166 721 2196 cum
741 2147 830 2196 ‘suo
846 2147 1014 2196 Indice
1036 2182 1053 2204 ,
1078 2145 1160 2195 seu
1192 2147 1430 2216 Catalogo
1444 2183 1460 2205 ,
1488 2145 1787 2195 Archivistae

472 2238 622 2268 manu
648 2216 944 2286 subscripto:
975 2218 1106 2286 quod
1125 2220 1173 2268 Sc
1189 2222 1241 2266 in
1255 2216 1592 2287 Hospitalibus
1613 2252 1630 2273 ,
1650 2216 1787 2266 Con-

472 2289 861 2339 :fraternitatibus
884 2326 901 2348 ,
935 2289 1150 2357 locisque
1187 2289 1294 2338 aliis
1325 2293 1420 2358 piis
1453 2286 1783 2337 confimilibus

474 2360 581 2410 fieri
612 2362 895 2412 mandamus
916 2396 933 2420 ,
970 2381 1030 2413 ne
1049 2359 1299 2429 scripturae
1316 2396 1333 2423 ‚
1352 2378 1439 2430 per
1454 2377 1623 2410 manus
1644 2357 1789 2409 ober-

937 2444 946 2450 '
1679 2447 1788 2479 ran-
