2043 2958
438 226 535 285 138
903 220 1271 270 Amanum<

433 295 574 334 saltem
599 293 796 334 redditum
818 292 1013 332 scutorum
1036 293 1233 346 sexaginta
1262 296 1429 331 monetae
1446 290 1629 331 Romanae
1662 303 1741 331 non

433 345 615 387 ascendat
630 374 642 393 ,
653 360 721 398 pro
736 348 885 386 summa
895 345 944 385 ad
956 347 1055 384 hanc
1068 346 1219 386 Taxam
1234 342 1517 385 conficiendam
1535 342 1744 383 deficiente

432 398 556 437 iidem
584 399 758 450 Episcopi
783 399 893 438 unire
919 396 1057 448 possint
1075 425 1086 444 ‚
1120 400 1160 439 &
1186 398 1354 437 debeant
1377 395 1503 434 eidem
1531 394 1746 435 Praebendae

433 450 589 500 aliquod
607 452 764 501 simplex
779 449 1015 490 Beneficium
1032 478 1042 496 ‚
1058 451 1163 496 cujus
1177 451 1443 501 supplemento
1457 446 1631 496 praedifta
1644 448 1747 487 sum-

433 514 499 541 ma
521 501 774 550 conficiatur,
800 503 926 554 primo
951 511 1177 542 vacaturum
1202 503 1242 541 in
1269 511 1510 553 quocumque
1525 500 1678 544 mense,
1705 500 1745 539 ὃς

433 554 792 605 qualitercumque,
814 568 859 594 ac
886 554 1251 607 quomodocumque
1274 553 1362 594 Sedi
1391 551 1620 602 Apostolicae
1653 549 1748 588 affec

432 608 540 644 ‘stum
555 633 567 651 ,
593 608 631 650 &
646 608 885 647 reservatum
898 635 910 653 ‚
934 608 990 645 ita
1007 615 1138 646 tamen
1163 617 1203 647 ut
1231 608 1253 646 a
1270 604 1340 645 tali
1356 605 1500 643 unione
1523 602 1591 641 illa
1610 601 1746 640 omnia

431 657 650 704 Beneficia,
678 671 759 708 quae
786 671 853 707 pro
877 659 1021 698 Sanetae
1042 659 1227 699 Romanae
1250 656 1426 698 Ecclefiae
1442 653 1713 694 Cardinalibus
1732 681 1746 700 ‚

431 709 541 760 Papae
556 709 824 750 Familiaribus
836 738 848 756 ‚
872 711 1036 750 Nunciis
1051 709 1287 762 Apostolicis
1300 738 1312 756 ,
1328 717 1441 758 atque
1455 707 1623 746 Praelatis
1637 706 1748 745 Con-

435 762 710 814 gregationum
724 791 736 809 ‚
754 763 890 812 quibus
903 763 1024 803 iidem
1039 764 1076 803 S.
1092 764 1137 803 R.
1153 765 1195 804 E.
1208 761 1437 804 Cardinales
1450 759 1638 797 intersunt
1652 786 1664 804 ,
1681 759 1749 796 Se-

435 815 611 852 cretariis
640 815 679 852 in
707 815 782 854 alia
803 815 1092 856 Constitutione
1117 816 1166 855 ad
1188 811 1495 866 promovendam
1511 810 1746 849 Seminario-

434 877 522 903 rum
546 866 783 904 erectionem
806 866 1008 905 noviffime
1020 879 1084 916 per
1095 868 1178 906 Nos
1192 861 1348 905 condita
1369 861 1614 912 peculiariter
1629 863 1752 901 reser-

435 917 614 957 vavimus
627 944 639 962 ,
659 920 844 967 perpetuo
860 919 1053 958 reservata
1067 946 1079 965 ‚
1106 917 1144 956 &
1158 925 1316 967 excepta
1331 916 1402 953 fint
1418 941 1431 959 ‚
1455 925 1500 952 ac
1516 912 1586 952 effe
1600 913 1750 953 intelli-

434 977 576 1018 gantur
591 998 603 1016 ,
626 969 664 1008 ὃς
689 969 875 1018 quidquid
902 971 1004 1007 secus
1029 969 1112 1007 fieri
1127 970 1372 1017 contingeret
1387 993 1400 1012 ,
1424 976 1581 1004 exnunc
1596 968 1749 1014 prorsus

433 1018 588 1058 irritum
602 1047 614 1065 ,
642 1032 687 1058 ac
702 1021 818 1059 inane
833 1047 845 1064 ‚
872 1019 1084 1067 nulliusque
1097 1019 1247 1055 roboris
1263 1044 1276 1063 2
1296 1018 1361 1056 vel
1373 1016 1566 1055 momenti
1580 1014 1650 1054 esse
1662 1043 1675 1062 ,
1705 1027 1751 1054 ac

432 1070 517 1109 fore
531 1071 774 1109 decernimus
787 1097 798 1115 ,
814 1071 853 1109 &
869 1069 1115 1107 declaramus
1129 1096 1140 1107 .

126 1155 147 1187 f
166 1115 283 1186 Eadedm
294 1113 407 1164 ‘forma
542 1123 745 1162 Postremo
759 1132 1008 1170 quaecumque
1022 1122 1208 1159 haetenus
1223 1119 1271 1157 de
1281 1116 1487 1158 Praebenda
1501 1117 1751 1168 Theologali,

127 1167 238 1230 §322
262 1167 407 1230 ἓξὲξ]
435 1175 472 1215 &
487 1175 609 1213 Sacrae
623 1174 825 1222 Scripturae
840 1173 1006 1211 lectione
1020 1171 1248 1210 sancivimus
1261 1198 1272 1215 ,
1287 1167 1533 1208 extendimus
1550 1172 1669 1209 etiam
1683 1197 1695 1215 ‚
1708 1181 1754 1207 ac

129 1241 178 1271 dae
197 1240 406 1273 Paenitentia·
435 1225 666 1266 adamuffim
679 1224 876 1263 observari
890 1225 1071 1263 volumus
1087 1251 1098 1268 ‚
1114 1222 1153 1261 δε
1165 1221 1393 1260 mandamus
1410 1224 1424 1265 (
1439 1232 1608 1271 congrua
1620 1231 1755 1260 tamen

129 1283 180 1314 13ae
195 1304 205 1315 .
436 1278 620 1330 congruis
634 1275 869 1324 referendo)
895 1275 1020 1325 quoad
1035 1275 1318 1313 institutionem
1341 1271 1530 1311 Canonici
1549 1271 1754 1310 Poeniten-

437 1330 540 1369 tiarii
567 1331 607 1369 in
625 1329 701 1368 illis
716 1326 1021 1368 Cathedralibus
1035 1354 1047 1370 ,
1070 1326 1108 1364 in
1122 1325 1255 1375 quibus
1279 1322 1454 1362 nondum
1469 1323 1585 1362 fuerit
1600 1325 1755 1362 institu-

437 1391 500 1420 tus
516 1409 528 1427 ‚
554 1381 706 1430 ejusque
736 1380 937 1419 honestam
960 1377 1332 1420 substentationem,
1355 1376 1580 1426 concursum
1597 1403 1608 1420 ‚
1635 1375 1756 1424 depu-

438 1433 633 1472 tationem
648 1459 660 1477 ,
689 1431 901 1478 omniaque
929 1431 1003 1468 alia
1032 1428 1082 1466 ad
1111 1428 1212 1467 illius
1233 1426 1407 1467 officium
1434 1426 1688 1475 pertinentia:
1715 1426 1755 1464 ὅτ.

438 1492 573 1535 praeter
590 1484 681 1529 illa,
702 1494 781 1532 quae
804 1480 965 1520 aNobis
989 1480 1159 1529 superius
1184 1479 1360 1528 disposita
1384 1480 1491 1523 sunt,
1518 1490 1564 1516 ea
1578 1476 1755 1527 insuper,

436 1549 518 1585 quae
534 1535 767 1575 Tridentina
782 1533 963 1583 Synodus
987 1542 1061 1580 cap.
1079 1535 1114 1570 8.
1129 1532 1216 1579 fi’fi.
1234 1542 1295 1578 24.
1323 1532 1365 1567 de
1377 1531 1557 1577 reformat.
1580 1529 1629 1567 de
1645 1531 1756 1575 hujus

438 1587 609 1626 Ministri
625 1587 816 1636 qualitate
827 1611 839 1628 ‚
853 1593 967 1623 aetate
983 1611 993 1630 ,
1007 1595 1050 1622 ac
1063 1583 1309 1631 exemptione
1322 1583 1344 1619 a
1357 1582 1514 1621 servitio
1527 1580 1650 1620 Chori
1663 1591 1757 1618 con-

438 1638 561 1728 gituit
575 1665 588 1683 ‚
615 1638 749 1676 exarte
773 1636 971 1675 observari
992 1634 1236 1673 decernimus
1252 1658 1264 1677 ,
1293 1633 1531 1681 praecipimus
1547 1658 1561 1677 ,
1585 1632 1623 1670 &
1637 1643 1756 1670 man-

469 1701 578 1728 amus
593 1717 603 1727 .

547 1741 814 1780 Decerneutes
832 1739 953 1777 etiam
966 1737 1163 1787 praesentes
1176 1735 1326 1774 Literas
1342 1734 1486 1783 semper
1499 1733 1634 1772 firmas
1649 1761 1660 1778 ‚
1682 1744 1758 1772 va-

178 1789 328 1823 Clausala
343 1787 415 1821 sub·
442 1790 541 1832 lidas
559 1819 570 1837 ,
594 1790 633 1830 δέ
649 1791 824 1830 efficaces
840 1790 999 1829 existere
1015 1815 1026 1833 ‚
1041 1801 1085 1827 ac
1102 1788 1183 1826 fore
1197 1813 1209 1832 ,
1229 1786 1384 1835 suosque
1396 1785 1592 1835 plenarios
1611 1813 1622 1830 ,
1640 1785 1679 1822 Sc
1694 1785 1759 1823 in-

136 1833 203 1865 ¹²²t³
216 1857 231 1883 2.
245 1833 277 1883 35
300 1834 417 1865 ⁰⁹⁸²·
444 1852 573 1895 tegros
587 1844 742 1882 effectus
757 1842 884 1882 sortiri
900 1869 912 1889 ‚
935 1853 981 1880 ac
994 1840 1173 1879 obtinere
1189 1864 1201 1883 ,
1227 1848 1375 1875 necnon
1391 1835 1575 1886 praemiffa
1591 1836 1727 1875 omnia
1742 1862 1756 1882 ‚

137 1884 209 1908 tum
223 1884 374 1908 “mans'
443 1896 482 1935 δί
504 1896 653 1947 singula
679 1896 719 1933 in
732 1894 810 1933 illis
825 1902 1007 1932 contenta
1034 1905 1099 1940 per
1115 1902 1180 1930 eos
1195 1917 1206 1935 ,
1229 1888 1275 1928 ad
1288 1901 1383 1938 quos
1399 1888 1541 1937 spectat
1557 1913 1568 1931 ‚
1592 1889 1682 1928 &in
1697 1887 1760 1926 fu-

443 1956 573 1988 turum
588 1945 886 1996 quomodolibet
901 1944 1085 1995 spec‘tabit
1102 1971 1113 1988 ,
1126 1943 1309 1993 perpetuo
1325 1940 1607 1980 inviolabiliter
1627 1939 1759 1978 obser-

443 1998 527 2040 vari
542 2014 557 2040 ,-
584 1999 744 2048 Sicque,
777 1998 816 2037 &
831 2008 908 2036 non
926 1996 1040 2034 aliter
1064 2007 1129 2044 per
1151 1993 1408 2044 quoscumque
1430 1991 1585 2038 Judices
1600 1991 1759 2030 ordina-

444 2051 522 2090 rios
534 2078 547 2096 ,
566 2051 604 2091 &
620 2050 823 2100 delegatos
837 2075 849 2094 ‚
863 2048 981 2086 etiam
995 2046 1192 2085 causarum
1206 2044 1346 2083 Palatii
1360 2044 1576 2093 Apostolici
1590 2041 1760 2082 Audito-

445 2114 505 2142 res
522 2130 533 2146 ‚
553 2113 598 2140 ac
611 2102 647 2140 S.
665 2100 710 2139 R.
723 2100 767 2139 E.
781 2097 1009 2139 Cardinales
1020 2125 1032 2144 ‚
1058 2097 1179 2137 etiam
1201 2095 1249 2134 de
1261 2096 1381 2135 latere
1393 2096 1558 2145 Legatos
1572 2122 1585 2142 ,
1606 2094 1644 2132 δε
1660 2092 1759 2132 alios

448 2154 643 2205 quoslibet
672 2163 913 2201 quacumque
931 2151 1113 2200 potestate
1129 2149 1332 2198 fungentes
1348 2176 1359 2193 ,
1384 2148 1423 2187 &
1435 2148 1630 2186 functuros
1648 2172 1659 2190 ‚
1674 2145 1758 2183 sub-

447 2202 530 2246 lata
547 2205 601 2245 eis
615 2232 627 2251 ‚
652 2205 691 2245 8(
705 2216 840 2243 eorum
854 2204 1012 2242 cuilibet
1027 2230 1039 2248 ,
1062 2202 1197 2252 quavis
1213 2201 1326 2240 aliter
1338 2199 1532 2246 judicandi
1550 2226 1562 2243 ‚
1577 2199 1616 2237 δε
1632 2198 1757 2235 inter-

450 2257 626 2310 pretandi
639 2256 823 2296 facultate
835 2283 847 2302 ‚
860 2268 905 2295 ac
919 2256 1152 2296 authoritate
1165 2283 1175 2301 ,
1188 2253 1374 2299 judicari,
1389 2253 1427 2292 &
1437 2249 1587 2290 definiri
1600 2249 1754 2292 debere,

450 2323 495 2349 ac
509 2309 676 2354 irritum,
691 2308 860 2347 &inane
875 2307 1057 2359 quidquid
1069 2307 1170 2345 secus
1184 2307 1289 2355 super
1302 2306 1362 2344 his
1376 2304 1396 2342 a
1410 2314 1602 2352 quoquam
1620 2299 1756 2349 quavis

452 2361 690 2404 authoritate
701 2360 863 2404 scienter
875 2388 890 2410 ‚
916 2361 980 2402 vel
995 2358 1223 2411 ignoranter
1234 2356 1443 2408 contigerit
1456 2352 1642 2395 attentari
1658 2381 1708 2442 ‚N

1709 2414 1762 2441 on
