2043 2958
459 247 555 294 282
918 241 1294 294 Amanum

455 314 574 355 fuerit
585 341 599 362 ,
616 314 740 355 Curiae
755 313 925 354 Seculari
939 316 978 355 in
991 316 1112 366 ipsum
1127 317 1194 358 tali
1209 317 1308 365 casu,
1319 324 1360 357 ut
1373 316 1466 364 juris
1477 315 1555 356 esse
1565 319 1767 367 censuerit,

457 380 573 421 agere
584 395 596 412 ‚
622 376 737 417 atque
752 368 959 417 procedere
975 370 1093 409 liceat
1110 399 1120 409 .

190 453 197 461 .
259 454 267 462 .
569 421 753 459 Praeterea
766 447 779 467 ,
800 422 1086 461 considerantes
1106 423 1342 473 saepedictum
1358 421 1589 471 Gregorium
1621 422 1770 464 Praede-

147 455 429 537 {mpsveffifiad
456 473 645 512 cessorem
660 473 698 512 in
717 472 778 512 sua
792 474 1083 514 Constitutione
1102 477 1253 526 optimo
1268 475 1425 523 quidem
1439 475 1522 520 jure
1536 473 1770 521 sanxisse,ut

149 549 243 578 quos,
257 540 317 571 five
330 542 417 572 Eccle
460 526 528 563 soli
544 525 729 575 Episcopi,
742 527 779 566 δε
794 538 870 566 non
885 527 967 573 alii,
983 528 1173 578 Episcopis
1185 526 1386 567 inferiores
1400 553 1411 571 ‚
1433 527 1582 565 etiamsi
1595 528 1771 565 locorum

149 581 285 629 fiaqfficos
303 604 316 619 ‚
339 583 429 616 sim
459 576 659 617 Ordiuarii
679 578 753 617 fint
769 606 780 624 ,
793 587 856 618 aut
876 580 1013 618 nullius
1029 580 1217 619 Dioecefis
1230 606 1243 624 ‚
1270 589 1336 618 aut
1353 578 1654 619 Conservatores
1668 580 1691 618 ὲ.
1706 578 1772 616 Se·-

151 622 272 682 ¹ss¹¹0051
298 636 339 654 ³⁴¹
355 627 416 675 ⁶¹2¹}
459 630 506 668 de
521 630 744 679 Apostolica
755 631 985 679 specialiter,
1002 633 1065 670 vel
1083 632 1315 681 generaliter
1331 631 1769 681 deputati,cognoscere‚

149 670 211 736 (ᾗῇ
226 666 431 741 ᾲῇεξῗξξζω
460 682 497 721 &
511 682 709 720 declarare
725 684 882 722 valeant
896 710 907 728 ‚
934 696 980 721 an
997 683 1137 722 delicta
1152 710 1164 729 ,
1192 695 1262 732 pro
1277 684 1411 733 quibus
1428 683 1599 732 Inquifiti
1622 683 1670 721 ad
1683 684 1770 722 loca

147 722 407 790 E-,‚‚1{05.0,2„‡J
421 734 430 747 '
459 735 649 773 immunia
662 734 919 785 confugerunt
936 763 948 782 ,
976 735 1133 775 &ineis
1146 736 1182 773 se
1198 743 1448 785 receperunt,
1466 735 1540 774 fint
1556 761 1567 779 ,
1591 746 1708 773 necne
1722 736 1772 775 de

148 795 378 826 tantummodo
390 795 431 827 es·
458 798 602 838 genere
620 816 630 833 ,
646 800 690 826 ac
703 799 868 826 numero
884 796 1133 837 exceptorum
1151 786 1258 826 :Nos
1270 815 1281 833 ‚
1296 786 1500 838 providam
1512 786 1696 832 ejusmodi
1712 787 1774 825 di·

146 830 190 871 se,
202 835 384 870 decernitur
400 861 409 870 -
457 839 701 888 spositionem
720 840 976 889 approbantes
993 867 1005 884 ‚
1029 840 1067 879 δε
1080 839 1359 880 confirmantes
1374 865 1386 884 ‚
1401 839 1511 888 eique
1528 839 1770 888 inhaerentes,

456 891 575 929 Motu
592 918 604 936 ,
638 892 794 929 scientia
809 918 821 936 ,
845 903 889 928 ac
901 891 1098 939 potestatis
1113 890 1353 939 plenitudine
1369 891 1557 930 fimilibus
1571 917 1581 934 ‚
1605 899 1770 930 tenore>

458 943 712 992 prreientium‚
728 941 1026 991 quibuscumque
1042 942 1349 991 Magistratibus,
1363 941 1621 987 officialibus,
1636 943 1674 981 &
1689 942 1770 980 Mi-

457 994 582 1032 nistris
597 995 837 1032 Secularibus
853 1020 865 1038 ,
890 1004 1038 1030 necnon
1066 993 1257 1039 quibusvis
1282 994 1367 1030 aliis
1382 992 1547 1041 personis
1560 993 1771 1037 cujuscum-

457 1057 530 1093 que
545 1045 685 1096 gradus
702 1073 712 1089 ‚
726 1047 764 1084 Sc
779 1042 1014 1083 conditionis
1027 1043 1187 1080 existant
1205 1070 1217 1087 ,
1233 1042 1383 1082 etiamsi
1395 1041 1589 1092 Imperiali
1604 1071 1615 1087 ,
1627 1043 1746 1096 Regia
1759 1074 1772 1093 ,

456 1097 597 1136 Ducali
616 1124 626 1140 ‚
652 1106 718 1135 aut
742 1096 817 1135 alia
839 1095 974 1145 quavis
998 1093 1194 1133 mundana
1208 1094 1403 1146 dignitate
1418 1122 1429 1139 ‚
1456 1103 1521 1133 aut
1538 1096 1772 1137 auctoritate

456 1148 706 1199 praefulgeant
723 1177 734 1194 ‚
755 1146 923 1186 disti-ieie
938 1146 1204 1186 interdicimus
1219 1173 1231 1190 ‚
1259 1158 1303 1185 ac
1318 1144 1537 1185 inhibemus
1552 1175 1563 1192 ‚
1588 1158 1637 1184 ne
1651 1149 1777 1195 hujus-

453 1202 565 1238 modi
581 1201 782 1240 causis.vel
798 1198 1041 1238 conficiendo
1057 1200 1331 1247 processus,vel
1346 1198 1549 1248 Inquisitos
1566 1203 1777 1241 extrahen-

455 1252 506 1290 do
521 1255 540 1292 εὶ
559 1253 652 1291 loeis
669 1252 908 1292 immunibus
920 1279 931 1294 ‚
945 1252 1008 1291 vel
1023 1250 1256 1290 declarando
1271 1249 1507 1296 crimina,ab
1522 1251 1575 1289 eis
1588 1251 1770 1300 admissa,

456 1304 534 1343 esse
558 1305 604 1342 de
621 1307 789 1355 exceptis
814 1305 853 1342 in
868 1304 1109 1352 Gregoriana
1126 1330 1137 1347 ‚
1165 1310 1231 1341 aut
1261 1299 1302 1340 in
1316 1303 1487 1351 praesenti
1501 1302 1642 1342 Nostra
1656 1304 1769 1344 Con-

456 1356 653 1395 stitutione
671 1384 683 1401 ,
705 1357 785 1395 ullo
810 1357 922 1405 paeto
937 1355 1012 1394 sese
1035 1356 1236 1405 ingerant,
1262 1362 1327 1392 aut
1347 1353 1593 1394 immisceant
1609 1384 1618 1393 .
1648 1356 1769 1406 Qod

457 1408 485 1446 fi
501 1409 604 1446 secus
625 1408 782 1457 quidam
806 1415 1000 1445 attentare
1027 1404 1329 1456 praesumpserint
1345 1432 1356 1450 ‚
1385 1417 1432 1443 ex
1452 1418 1552 1445 nunc
1573 1406 1706 1446 omnia
1729 1409 1769 1448 in

456 1461 696 1498 contrarium
713 1458 993 1506 praemissorum
1006 1458 1192 1510 gerenda,
1207 1457 1330 1503 irrita,
1344 1458 1382 1496 &
1398 1458 1542 1504 inania,
1556 1459 1774 1510 nulliusque

455 1511 605 1550 roboris
619 1539 630 1556 ‚
657 1514 719 1551 vel
735 1510 926 1550 momenti
949 1512 1132 1560 perpetuo
1145 1509 1227 1548 fore
1241 1536 1252 1555 ‚
1273 1508 1441 1559 ipsosque
1456 1518 1700 1550 attentantes
1725 1512 1767 1551 in

456 1565 632 1603 censuras
649 1592 660 1609 ,
687 1565 725 1603 &
737 1564 832 1603 alias
848 1573 981 1613 poenas
1003 1562 1025 1601 a
1040 1562 1164 1602 Sacris
1176 1560 1403 1604 canonibus
1418 1587 1430 1606 ,
1457 1563 1496 1601 &
1507 1560 1764 1601 Constitutio-

454 1616 568 1654 nibus
584 1615 816 1664 Apostolicis
834 1642 845 1659 ‚
858 1615 1042 1654 adversus
1058 1626 1124 1654 eos
1138 1641 1151 1660 ,
1173 1616 1239 1664 qui
1261 1612 1565 1659 jurisdictionem
1583 1614 1768 1654 Ecclesia-

454 1665 590 1705 stiram
611 1678 765 1717 quoquo
780 1665 900 1704 modo
922 1664 1087 1712 laedunt,
1112 1677 1158 1704 ac
1181 1667 1330 1704 violant
1345 1692 1358 1709 ,
1375 1665 1553 1710 infinitas,
1569 1665 1764 1706 incurrere

455 1718 699 1757 decernimus
715 1746 726 1764 ,
750 1719 790 1757 δε
809 1717 1080 1756 declaramus:
1106 1716 1280 1755 volentes
1295 1743 1306 1760 ‚
1331 1716 1580 1755 intendentes
1595 1744 1606 1761 ,
1629 1729 1674 1756 ac
1697 1730 1764 1757 ex·-

455 1770 578 1820 presse
593 1770 820 1808 mandantes
833 1795 844 1813 ‚
860 1768 964 1818 quod
975 1768 1203 1806 omnimoda
1218 1766 1397 1817 cognitio
1410 1798 1422 1814 ,
1447 1777 1563 1817 atque
1575 1767 1763 1813 judicium

454 1821 503 1860 de
523 1819 767 1867 criminibus,
781 1821 819 1858 in
833 1820 1074 1870 Gregoriana
1089 1819 1375 1859 Constitutione
1388 1820 1571 1869 exceptis,
1584 1821 1622 1859 &
1636 1821 1657 1858 ὲ
1675 1820 1763 1859 Νο-

453 1874 513 1912 bis
540 1873 709 1922 superius
735 1871 957 1922 explicatis,
987 1880 1071 1911 tum
1087 1872 1206 1911 etiam
1232 1871 1280 1910 de
1296 1872 1407 1928 aliis,
1433 1883 1512 1922 quae
1536 1874 1575 1909 in
1592 1874 1761 1921 praesenti

453 1924 595 1964 Nostra
609 1924 897 1967 Constitutione
918 1923 1120 1972 adjicenda
1134 1952 1145 1971 ,
1168 1923 1207 1962 &
1222 1924 1398 1964 similiter
1413 1923 1632 1973 excipienda
1654 1924 1764 1964 duxi-

452 1987 539 2015 mus
552 2003 563 2022 ,
577 1977 909 2027 quemadmodum
923 2004 935 2022 ‚
954 1985 997 2015 ut
1011 1976 1220 2027 praefertur,
1234 1976 1457 2022 adjecimus,
1472 1975 1512 2014 &
1529 1976 1761 2024 excepimus,

453 2027 504 2066 ad
520 2028 724 2079 Episcopos
739 2030 896 2067 tantum
912 2056 922 2073 ‚
941 2029 1131 2078 privative
1144 2029 1272 2077 quoad
1286 2040 1420 2067 omnes
1435 2028 1530 2067 alios
1544 2055 1555 2073 ‚
1581 2030 1762 2079 perpetuo

452 2079 594 2128 spenet
606 2108 618 2127 ,
642 2089 756 2129 atque
772 2079 938 2129 spestare
952 2079 1115 2122 debeat}
1139 2081 1177 2120 ὃς
1191 2080 1315 2119 donee
1331 2080 1395 2130 ipfi
1419 2082 1457 2119 in
1474 2081 1759 2120 occurrentibus

453 2130 596 2170 casibus
618 2129 902 2171 declaraverint
929 2131 1116 2171 delicium
1146 2130 1217 2170 effe
1243 2132 1292 2171 de
1315 2134 1482 2182 exceptis
1497 2160 1509 2178 ‚
1533 2133 1572 2173 &
1601 2140 1762 2171 cetera.)

452 2182 587 2221 omnia
620 2183 642 2222 a
669 2183 793 2222 Nobis
816 2182 981 2233 superius
1008 2184 1214 2223 constituta
1238 2184 1538 2234 adimpleverint
1551 2212 1563 2231 ‚
1599 2183 1763 2234 Inquisi-

454 2243 515 2272 tos
541 2235 736 2281 Ecdefiae,
761 2235 824 2274 vel
849 2235 1007 2275 alterius
1028 2236 1105 2274 loci
1135 2236 1252 2284 sacri,
1283 2236 1332 2276 ad
1357 2249 1472 2288 quem
1497 2236 1758 2286 confugerunt

455 2283 704 2325 immunitate
730 2286 899 2338 gaudere
927 2290 1014 2327 tuto
1039 2288 1177 2328 debere
1204 2316 1216 2335 ,
1241 2300 1286 2328 ac
1313 2290 1350 2328 in
1378 2301 1422 2328 ea
1451 2287 1731 2327 conservandos
1746 2314 1759 2332 ,

456 2340 494 2376 ὃς
520 2340 827 2380 manutenendos
853 2339 929 2379 esse
955 2341 1152 2382 statuImus
1175 2368 1187 2388 ‚
1227 2340 1464 2393 praecipimus
1491 2368 1504 2388 ,
1533 2340 1572 2382 ὃ(
1599 2339 1765 2381 manda-

456 2401 541 2430 mus
555 2417 566 2429 .

1664 2442 1764 2484 Uni·
