2043 2958
446 237 505 283 28
752 231 1433 284 CONCILIIROMANI

442 305 692 352 annuatim
708 338 724 359 ,
745 302 826 350 vel
846 302 1011 351 saltem
1030 302 1156 352 infra
1174 304 1428 353 biennium
1449 342 1465 364 ,
1485 304 1571 354 ubi
1590 319 1754 355 tamen

442 373 601 440 ampla
619 372 672 421 fit
687 373 923 422 Dioecefis
941 409 957 431 ,
970 393 1054 442 per
1073 374 1116 422 se
1135 374 1259 442 ipsos
1276 376 1644 442 vigilantissime
1663 382 1758 424 im·-

441 444 636 513 pleant,
667 463 753 492 nec
776 463 990 512 unquam
1009 465 1094 512 per
1116 445 1233 495 alios
1256 483 1271 504 ‚
1301 447 1384 494 nifi
1405 451 1566 513 gravis
1589 462 1759 516 urgeat

441 515 681 563 necessitas
701 550 718 572 ‚
755 530 835 563 aut
863 517 1276 587 impedimentum
1295 517 1446 571 adesse
1466 522 1723 586 contingat
1740 554 1759 575 ,

442 600 498 633 ut
518 585 692 652 absque
709 593 955 647 maximO,
971 593 1020 640 ὅ(
1041 590 1257 639 evidenti
1277 592 1490 656 publicae
1508 627 1524 646 ,
1542 589 1623 638 vel
1644 606 1763 655 pro-

444 659 562 722 priae
588 654 752 704 salutis
785 658 1066 707 discrimine
1086 696 1102 717 ,
1132 659 1191 708 ab
1229 678 1284 707 eo
1315 677 1459 708 onere
1488 676 1588 706 non
1611 676 1765 706 excu-

443 724 607 774 sentur
628 762 638 772 .
680 726 912 794 Cumque
932 730 1050 778 alios
1083 729 1140 776 ad
1168 747 1343 778 munus
1363 729 1456 778 hoc
1475 728 1764 777 obeundum

446 796 670 864 delegare
705 803 979 864 oportuerit
995 836 1012 857 ,
1045 819 1169 847 curae
1198 799 1252 846 sit
1271 798 1382 867 ipsis
1415 799 1678 866 diligenti,
1711 811 1765 845 ut

446 870 578 914 viros
597 866 940 915 Ecclefiasticos
970 903 986 924 ,
1025 887 1236 934 quorum
1273 869 1445 916 saltem
1480 870 1635 934 aliqui
1672 867 1766 914 fint

446 936 768 1001 Presbyteri,
802 936 979 1004 probos
996 974 1013 995 ,
1029 942 1133 1005 pios
1149 974 1165 995 ,
1202 957 1253 985 ac
1275 940 1441 987 doftos
1463 974 1478 994 ,
1498 936 1766 1004 manusque

448 1006 507 1054 ab
524 1010 659 1054 omni
686 1025 886 1054 munere
919 1008 1129 1056 excuss'as
1157 1007 1390 1057 habentes
1412 1044 1427 1064 ,
1460 1009 1640 1073 eligant
1661 1042 1676 1063 ,
1715 1025 1768 1053 ac

450 1077 704 1123 dimittant
725 1095 739 1133 3
770 1080 953 1141 quique
972 1080 1152 1124 attente
1170 1108 1186 1130 ,
1205 1094 1318 1123 cum
1334 1076 1652 1123 Ecclefiarum
1665 1110 1681 1130 ,
1717 1093 1771 1122 ac

450 1144 758 1193 subditorum
775 1143 1040 1200 frustu,su0
1056 1145 1591 1214 muner12Conciliique
1610 1149 1773 1196 menti

450 1213 740 1265 satisfaciant
763 1250 774 1261 .

930 1338 1154 1389 CAP.
1227 1336 1307 1387 ΙΙ.

496 1454 771 1504 Vicariorztm
791 1455 1073 1503 Generaliztm
1093 1455 1241 1502 elec‘i'io
1263 1490 1279 1511 ‚
1307 1474 1532 1525 eorumque
1550 1454 1735 1523 officium

827 1524 1045 1591 Epzstopis
1065 1525 1386 1574 commendatur
1406 1562 1417 1573 .

577 1641 768 1709 Piscopi
793 1655 1022 1709 praeterea
1055 1644 1109 1689 in
1127 1641 1348 1689 Vicarios
1369 1640 1629 1690 Generales
1663 1637 1773 1686 suos

611 1713 811 1768 fratres,
848 1726 930 1760 aut
960 1727 1160 1778 nepotes
1180 1746 1194 1768 ,
1226 1725 1306 1760 aut
1343 1714 1553 1779 propriae
1573 1706 1769 1775 Episco-

462 1790 586 1853 palis
623 1783 755 1832 urbis
786 1781 937 1831 Cives
971 1800 1071 1830 non
1102 1783 1309 1848 eligant:
1352 1781 1572 1845 serioque
1604 1778 1779 1826 itidem

465 1855 849 1904 animadvertant
867 1888 883 1909 ,
898 1866 951 1899 ut
969 1851 1108 1900 sacrae
1124 1852 1183 1900 ab
1203 1851 1301 1898 illis
1317 1887 1333 1908 ,
1353 1855 1405 1898 in
1425 1849 1674 1898 causarum
1695 1848 1778 1897 de-

465 1924 723 1974 cissonibus
744 1959 760 1980 ,
783 1926 908 1985 juris
927 1958 943 1979 ‚
973 1924 1022 1972 &
1040 1921 1383 1972 Conciliorum
1401 1919 1665 1969 sanstiones
1688 1954 1704 1974 ‚
1723 1936 1776 1966 ac

466 1999 710 2063 praecipue
723 1993 1006 2041 Tridentini
1025 1991 1236 2048 decreta,
1257 1993 1321 2056 Sy
1332 1991 1525 2039 nodales
1546 1992 1776 2056 propriae,

468 2069 518 2115 ὃί
533 2061 862 2113 Provinciales
884 2060 1265 2111 Constitutiones
1285 2059 1774 2123 observentur3atque

470 2149 713 2185 memores
738 2130 953 2181 secundae
972 2134 1213 2196 opinionis
1234 2136 1359 2181 inter
1379 2131 1780 2198 sexagintaquin-

474 2225 599 2274 que,
629 2225 653 2253 a
685 2201 778 2251 san.
811 2221 957 2251 mem.
992 2203 1278 2252 Innocentio
1310 2202 1399 2252 XI.
1433 2197 1774 2252 Praedecessore

473 2276 632 2326 nostro
654 2310 670 2332 ,
704 2274 949 2323 damnatas
971 2312 986 2334 ,
1022 2274 1300 2325 Dostorum
1328 2273 1583 2322 sententias
1619 2272 1779 2315 minus

475 2344 752 2417 probabiles
778 2349 968 2413 penitus
1000 2364 1100 2395 non
1129 2344 1414 2415 sequantur.
1456 2342 1564 2392 Sint
1583 2337 1782 2418 insuper

1737 2425 1788 2455 in
