2043 2958
528 216 845 268 Twurus
899 215 1177 266 XXVII.
1453 237 1522 281 99

190 289 519 353 adjacentium
538 288 788 358 Episcopis
808 287 1146 347 concedimus,
1168 287 1358 350 (nostrae
1376 304 1525 356 prout

189 360 414 411 Ecclefiae
435 359 790 411 Beneventanae
819 358 1047 410 conceffit
1065 360 1181 411 Pius
1197 359 1263 409 II.
1286 367 1301 385 ³
1318 395 1336 418 ‚
1362 362 1412 412 δέ
1429 359 1526 410 Ca·
1543 395 1617 430 An.
1641 353 1745 433 {²459,

190 431 474 482 thedralem
487 432 735 483 Nolanam
753 437 806 481 in
822 434 1025 498 antiqua
1043 430 1125 480 sua
1156 430 1245 481 effe
1265 430 1524 481 consuetu-

194 504 586 567 dine‚novimus)
603 521 656 554 ut
674 504 865 554 scilicet
884 508 936 552 in
957 502 1349 571 quibuscumque
1370 503 1526 554 eccle-

191 574 384 627 fiasticis
402 576 655 627 beneficiis
676 613 693 635 ‚
726 576 785 625 ab
803 579 870 625 eis
891 612 908 634 ,
943 573 1149 643 aliisque
1170 573 1492 625 inferioribus
1508 612 1523 634 ‚

190 645 499 697 conferendis
517 683 534 706 ‚
562 648 797 696 dimidios
813 650 966 714 primi
984 650 1100 695 anni
1121 646 1352 715 cujusque
1372 645 1526 696 bene-

190 717 293 766 ficii
326 716 511 768 frustus
549 718 637 768 fibi
668 716 936 786 respeRive
959 716 1206 767 reservent
1226 754 1237 766 .
1278 716 1524 767 Volumus

194 793 315 837 vero
348 826 364 848 ‚
406 792 457 841 &
492 788 720 858 expresse
753 789 1039 838 mandamus
1073 825 1090 848 ,
1129 804 1184 838 ut
1217 787 1401 837 frustus
1439 787 1527 856 ipsi

195 877 294 907 non
327 863 382 908 in
417 860 508 908 alia
528 895 545 917 ,
581 864 732 926 quam
759 864 811 907 in
845 864 1061 926 propriae
1099 858 1414 908 Cathedralis
1434 894 1451 916 ,
1478 860 1530 909 &

191 928 592 999 Collegiatarum
625 928 949 979 Ecclefiarum
986 928 1260 989 fabricam,
1295 947 1528 998 augmen-

194 1013 304 1047 tum
324 1035 340 1058 ,
373 1005 733 1068 reparationem
749 1036 767 1057 ,
796 1003 846 1051 &
864 1016 1092 1051 ornatum
1109 1001 1319 1050 fideliter
1336 1005 1530 1068 impen-

197 1070 408 1119 dantur:
439 1070 739 1120 declarantes
769 1068 1000 1139 insuper,
1037 1070 1206 1119 nostrae
1239 1074 1527 1120 intentionis

195 1157 297 1190 non
327 1140 444 1199 effe,
475 1160 569 1190 nec
605 1159 822 1207 unquam
855 1139 989 1189 suifl'e
1005 1176 1022 1198 ‚
1058 1156 1113 1189 ut
1141 1140 1325 1189 fructus
1361 1140 1527 1203 hujus-

194 1211 333 1260 modi
365 1215 417 1259 in
436 1210 639 1261 musicas
658 1247 675 1270 ‚
703 1225 784 1259 aut
801 1210 1182 1278 organistarum,
1216 1210 1296 1262 vel
1315 1209 1528 1262 aliorum

195 1280 418 1332 Ecclefiae
453 1281 778 1332 servientium
799 1280 964 1330 salaria
985 1318 1001 1340 ,
1029 1295 1110 1331 aut
1130 1281 1364 1351 stipendia
1386 1280 1525 1331 dissi-

199 1367 408 1419 pentur:
440 1352 580 1421 super
618 1353 799 1421 quibus
826 1352 1088 1421 Episcopi,
1120 1355 1171 1404 δε
1201 1352 1525 1405 Ecclefiarum

199 1423 435 1492 Capitula.
454 1424 540 1474 fibi
555 1461 571 1483 ,
608 1423 892 1492 &ipsorum
909 1425 1219 1473 conscientiae
1241 1423 1491 1475 consulant
1508 1447 1524 1487 3

200 1510 348 1561 prout
365 1494 509 1544 fufius
539 1501 590 1544 in
620 1496 775 1545 nostra
789 1494 1152 1548 Constitutione
1183 1498 1488 1564 exprimitur
1506 1533 1523 1557 ‚

203 1569 257 1615 in
273 1568 569 1637 Appendice
587 1567 792 1638 legenda
807 1602 819 1616 .

938 2409 991 2461 N
1027 2428 1054 2461 2
1411 2411 1519 2466 TI-
