2043 2958
476 240 569 286 232
936 225 1300 272 Appznorx

480 323 510 344 ‚,
539 295 629 333 sano
641 294 859 333 faciendum
875 320 887 339 ‚
914 296 1065 344 ejusque
1079 293 1274 343 specialis,
1296 291 1422 340 quoad
1433 292 1695 335 Confeffiones
1724 294 1789 333 di-

483 373 511 394 „
538 349 684 386 &tarum
698 346 1226 396 Monialium‚approbatio,·
1253 353 1403 384 remota
1428 358 1663 397 quacumque
1689 359 1788 386 con-

481 426 510 446 „
536 399 655 437 trarIa
668 398 940 437 consuetudine
953 425 966 443 ‚
979 399 1099 436 etiam
1112 396 1416 437 immemorabili
1432 424 1443 434 .

535 463 581 497 19
636 476 662 497 5,
690 451 940 500 Cumque‚ex
960 450 1098 489 eodem
1113 449 1292 489 Concilio
1305 448 1538 488 Tridentino
1551 474 1562 493 ,
1579 450 1783 490 Confessor

482 528 509 548 „
537 503 863 542 extraordinarius
876 503 934 541 bis
947 529 959 547 ‚
981 510 1047 541 aut
1068 512 1126 541 ter
1146 503 1183 540 in
1200 515 1302 541 anno
1319 501 1446 538 offerri
1459 500 1698 540 Monialibus
1720 502 1789 540 de-

481 578 509 599 „
536 555 625 593 beat
637 581 649 601 ,
675 555 739 604 qui
765 555 940 593 omnium
955 554 1221 594 Confessiones
1235 552 1364 593 audiat
1378 567 1393 593 ,-
1421 553 1446 590 fi
1463 553 1499 590 in
1517 554 1704 601 posterum
1719 554 1789 591 Su-

481 631 509 650 „
535 606 700 655 periores
715 606 922 657 Regulares
933 633 945 651 ‚
968 606 1094 655 quoad
1109 607 1345 645 Monasteria
1363 604 1448 653 ipsis
1463 604 1626 649 subjena
1638 631 1651 650 ‚
1667 605 1783 643 toties

479 683 508 703 „
538 658 756 705 praedietum
783 657 1137 697 extraordinarium
1155 658 1424 697 Confessorem
1449 656 1632 704 deputare
1658 657 1787 705 negle-

479 734 507 754 „
536 709 684 753 xerint,
714 709 776 748 vel
794 710 821 747 fi
837 709 957 748 etiam
986 721 1030 748 ex
1054 707 1207 759 proprio
1223 709 1360 749 eodem
1377 707 1527 748 Ordine
1553 707 1697 756 semper
1720 707 1788 745 de-

480 787 508 807 „
535 761 771 811 putaverint,
785 772 853 798 nec
870 761 1004 799 saltem
1019 760 1133 800 semel
1150 762 1189 800 in
1205 773 1307 800 anno
1320 760 1368 798 ad
1388 759 1424 797 id
1440 769 1578 797 munus
1597 759 1788 808 elegerint

479 839 506 859 ,‚
535 813 800 858 Sacerdotem,
812 820 877 850 aut
893 813 1135 858 Saecularem,
1148 822 1212 851 ant
1228 812 1460 863 Regularem
1479 810 1634 848 alterius
1649 810 1787 849 diversi

479 893 506 911 ‚‚
535 863 696 905 Ordinis
712 864 967 903 Profei'sorem
985 879 999 905 2·
1025 863 1064 902 in
1078 863 1135 903 his
1153 865 1295 902 casibus
1309 863 1480 910 Episcopi
1496 887 1508 905 ‚
1523 873 1590 910 pro
1602 862 1667 899 suo
1680 859 1786 899 arbi·
1821 892 1823 894 .

477 944 506 964 ‚,
533 919 610 955 trio
624 943 636 961 ‚
656 917 695 955 &
711 915 944 953 conscientia
958 915 1245 963 deputationem
1259 913 1470 958 hujusmodi
1486 912 1611 950 facere
1628 911 1782 961 poflint,

477 996 506 1014 ‚,
536 980 604 1006 nec
622 968 700 1011 illa,
720 978 855 1016 quovis
871 968 1001 1011 titulo,
1015 975 1078 1005 aut
1097 967 1318 1014 praetextu‚a
1330 963 1592 1014 Superioribus
1608 963 1779 1012 Regula-

475 1046 505 1065 „
533 1020 636 1057 ribus
651 1019 779 1056 valeat
796 1016 1000 1065 impediri.

531 1085 577 1107 20
632 1095 659 1113 „
688 1066 1020 1116 Episcopiiniuper
1031 1067 1163 1105 abusus
1182 1079 1317 1105 omnes
1334 1093 1345 1111 ‚
1370 1065 1487 1115 quiin
1504 1064 1681 1103 Ecclefiis
1694 1073 1784 1110 ‚aut

474 1150 504 1170 ,‚
531 1118 789 1164 Saecularibus,
805 1127 869 1157 aut
886 1118 1153 1171 Regulai·ibus‚
1167 1127 1301 1157 contra
1316 1115 1572 1167 praescriptum
1590 1116 1787 1155 Caeremo-

474 1202 503 1221 ,‚
533 1174 643 1212 nialis
657 1170 924 1220 Episcoporum
937 1198 948 1215 ,
974 1170 1012 1209 ὃ(
1032 1171 1195 1209 Ritualis
1209 1169 1400 1213 Romani,
1417 1169 1478 1206 vel
1491 1167 1676 1205 Rubricas
1693 1167 1787 1206 Mis-

474 1253 504 1272 „
533 1225 617 1263 salis
632 1251 644 1269 ‚
668 1226 708 1261 ἃ
721 1221 904 1260 Breviarii
920 1222 1159 1272 irrepserint,
1186 1222 1360 1259 studeant
1375 1232 1538 1257 omnino
1553 1231 1756 1257 removere
1770 1247 1780 1257 .

475 1305 504 1326 ‚‚
533 1277 580 1315 Et
596 1303 607 1321 ‚
629 1275 656 1312 fi
669 1274 848 1312 adversus
860 1286 906 1312 ea
919 1301 932 1320 ‚
959 1286 1039 1322 quae
1057 1275 1096 1312 in
1111 1274 1213 1311 dieto
1230 1271 1498 1313 Caeremoniali
1516 1272 1654 1308 statuta
1672 1270 1755 1308 sunt
1771 1298 1783 1315 ‚

472 1356 502 1376 ‚‚
531 1325 846 1367 consuetudinem
861 1326 979 1364 etiam
993 1324 1346 1363 immemorabilem
1368 1322 1529 1372 allegari
1546 1320 1748 1371 contingat
1767 1336 1782 1363 ,-

473 1408 503 1427 ,,
531 1381 725 1430 postquam
750 1377 1072 1427 recognoverint,
1097 1386 1164 1415 aut
1188 1388 1275 1414 earn
1304 1386 1379 1412 non
1406 1371 1492 1411 satis
1505 1373 1656 1423 probari
1675 1400 1687 1418 ,
1716 1382 1783 1412 aut

473 1459 501 1478 ‚‚
529 1429 650 1470 etiam
674 1429 873 1478 probatam
891 1427 1083 1477 suffragari
1100 1455 1111 1473 ‚
1140 1427 1273 1476 utpote
1287 1424 1593 1464 irrationabilem
1610 1451 1621 1469 ‚
1637 1424 1782 1469 dejure

473 1510 501 1530 ‚,
530 1495 605 1521 non
629 1481 733 1530 posse
754 1494 770 1520 ‚-
805 1477 1023 1518 executioni
1043 1490 1178 1517 eorum
1198 1504 1209 1522 ,
1233 1489 1312 1526 quae
1336 1478 1374 1514 in
1391 1476 1495 1513 dieto
1509 1475 1782 1514 Caeremoniali

471 1562 499 1582 ‚,
527 1534 732 1574 constituta
745 1531 827 1570 sunt
841 1558 853 1576 ,
870 1531 1074 1580 diligenter
1088 1530 1315 1569 incumbant
1330 1543 1345 1570 ,⁴
1371 1538 1442 1566 nec
1464 1527 1544 1565 ulla
1570 1527 1779 1577 suspensiva

468 1614 497 1633 ‚,
524 1584 731 1636 appellatio
744 1583 972 1622 admittatur
985 1612 995 1622 .

523 1652 567 1676 21
625 1662 652 1682 ,‚
679 1634 820 1674 Sedulo
835 1636 975 1683 pariter
988 1644 1121 1673 curent
1140 1634 1258 1673 iidem
1272 1632 1460 1683 Episcopi,
1475 1640 1515 1671 ut
1530 1631 1777 1670 eliminentur

468 1716 497 1737 „
525 1687 657 1728 abusus
674 1715 686 1733 ,
707 1686 733 1723 fi
758 1685 821 1734 qui
838 1685 959 1724 forsan
974 1713 986 1732 ,
1007 1695 1089 1725 tam
1116 1686 1241 1736 quoad
1257 1685 1534 1722 Ecclefiasticos
1549 1684 1778 1727 Saeculares,

467 1769 496 1789 ‚‚
525 1742 640 1790 quam
665 1738 789 1789 quoad
813 1738 1046 1786 Regffiares,
1070 1737 1216 1776 inducti
1243 1735 1386 1774 fuerint
1413 1736 1595 1773 adversus
1609 1734 1777 1774 Concilii

465 1820 494 1840 ‚,
521 1789 745 1831 Tridentini
758 1789 972 1828 Decretum
995 1789 1043 1827 de
1055 1787 1301 1827 observandis
1320 1812 1331 1831 ‚
1361 1787 1399 1825 &
1413 1786 1604 1824 evitandis
1619 1786 1658 1824 in
1672 1787 1775 1823 cele-

462 1872 491 1893 „
521 1843 697 1882 bratione
721 1840 929 1879 Missarum
951 1840 1032 1879 sess.
1050 1853 1110 1878 22.
1126 1867 1137 1884 ‚
1160 1839 1198 1878 δε
1212 1847 1348 1876 contra
1366 1837 1575 1888 Regulares
1591 1864 1601 1882 ‚
1631 1837 1657 1874 fi
1681 1849 1774 1885 opus

461 1924 491 1944 „
519 1894 634 1933 fuerit
648 1920 659 1937 ‚
685 1891 892 1943 procedant
906 1903 949 1930 ex
966 1891 1190 1941 Apostolica
1202 1890 1446 1938 delegatione
1458 1916 1469 1934 ‚
1485 1888 1524 1926 in
1539 1900 1585 1926 eo
1606 1889 1774 1927 Decreto

460 1976 488 1997 ,‚
514 1948 600 1995 ipsis
613 1945 778 1989 indulta,
791 1944 990 1993 postposita
1004 1954 1241 1993 quacumque
1255 1938 1514 1990 appellatione
1528 1940 1734 1989 suspensiva
1756 1966 1771 1985 ,

459 2027 489 2048 ,,
519 1999 580 2037 sed
606 1997 726 2035 solnm
746 1995 938 2034 reservata
955 1996 994 2032 in
1007 1994 1231 2033 devolutivo
1252 1993 1357 2041 super
1374 2003 1614 2041 quocumque
1629 1991 1769 2036 dubio,

459 2077 488 2098 ‚‚
517 2049 617 2098 quod
630 2047 788 2086 excitari
803 2048 1046 2094 contingeret
1062 2045 1346 2090 ‚declaratione
1361 2043 1684 2092 congregationis
1699 2054 1769 2091 pro

458 2100 487 2149 ,’,
515 2114 583 2151 pro
611 2109 786 2148 tempore
810 2097 1047 2136 existentium
1073 2096 1114 2134 5.
1131 2096 1175 2135 R.
1192 2097 1232 2135 E.
1258 2094 1526 2139 Cardinalium
1553 2092 1763 2133 memorati

457 2182 485 2205 ,‚
513 2151 680 2194 Concilii
696 2151 954 2198 Interpretum
967 2173 977 2183 .

465 2204 477 2213 ”
509 2218 554 2242 22
610 2230 637 2249 ,‚
666 2201 846 2249 Cumque
873 2199 976 2239 circa
991 2199 1195 2239 Missarum
1221 2198 1525 2237 celebrationem
1548 2197 1586 2234 in
1602 2195 1762 2245 privatis

455 2284 483 2304 „
511 2255 707 2295 Oratoriis
722 2280 733 2298 ‚
762 2264 912 2291 necnon
939 2252 1041 2290 circa
1058 2252 1163 2290 usum
1178 2250 1330 2290 Altaris
1354 2248 1573 2301 gestatorii,
1597 2249 1618 2286 a
1641 2248 1759 2285 recol.

456 2335 484 2355 ‚‚
513 2319 631 2345 mem.
647 2306 852 2345 Clemente
870 2304 971 2354 Papa
987 2303 1055 2343 XI.
1084 2303 1356 2341 praedecessore
1372 2302 1489 2339 etiam
1503 2298 1642 2338 Nostro
1656 2326 1667 2343 ,
1694 2311 1764 2347 op-

454 2387 481 2408 „
509 2368 715 2410 portunum
740 2356 949 2395 Decretum
969 2355 1258 2405 promulgatum
1284 2353 1399 2393 fuerit
1429 2351 1491 2390 die
1519 2350 1761 2438 ¹⁵'Decessn·‘

1713 2412 1761 2439 ris
