2043 2958
602 240 661 270 an
681 219 964 270 Conctmum
984 215 1243 264 ROMANUM
1262 246 1273 259 .
1494 228 1589 272 147

909 326 948 366 V

435 355 1447 486 CoNsTiTUTlo

383 522 863 569 SANCTISSIMI
903 520 1191 561 DOMINI
1233 514 1496 558 NOSTRI

282 613 944 702 BENEDICTI
990 609 1313 692 PAPAE
1348 608 1597 690 XIII..

283 757 391 823 Qa
439 754 683 802 Locorum
727 750 1000 800 Ordinariis
1051 767 1221 797 norma
1260 746 1594 814 praescribitur

353 823 614 873 coercendi
635 822 862 871 Clericos
883 818 1200 869 Beneficiatos.
1232 821 1285 865 in
1312 816 1483 864 habitu
1508 816 1596 863 lai-

356 894 450 942 cali
488 891 765 939 incedentes
798 924 814 945 ,
855 886 1141 954 eosdemque
1179 885 1401 935 Clericos
1441 888 1596 932 teneri

354 963 443 1011 :sub
475 961 671 1009 mortali
701 960 759 1007 ad
790 958 1141 1006 restitutionem
1161 953 1411 1005 frueluum
1430 973 1597 1020 perce-

359 1047 560 1099 ptorum
578 1031 857 1078 decernitur
877 1061 894 1083 ,
925 1029 975 1078 ὃς
1003 1027 1274 1075 declaratur
1292 1061 1308 1083 ,
1341 1043 1454 1073 cum
1487 1023 1594 1073 aliis

361 1099 752 1150 ordinationibus
772 1132 782 1144 .
856 1153 872 1164 ,
892 1114 966 1148 aa„
1013 1132 1062 1162 ἑά
1076 1129 1108 1155 ,-

622 1213 703 1250 Cit.
720 1210 794 1248 Tit.
817 1211 890 1246 VI.
909 1209 997 1258 Cap.
1014 1212 1067 1248 II.
1091 1221 1176 1260 pag.
1193 1225 1255 1251 22.

307 1311 1580 1405 BENEDICTUS

494 1455 548 1513 E
604 1453 655 1512 P
707 1452 735 1510 Ι
786 1449 831 1512 S
886 1447 948 1509 C
1001 1446 1068 1510 O
1120 1449 1171 1510 P
1224 1448 1286 1511 U
1338 1447 1383 1510 S

418 1563 736 1622 SERvus
788 1559 1262 1612 SERVORUM
1313 1561 1463 1613 DEI

569 1671 654 1719 Ad
668 1685 922 1738 perpetuam
942 1673 1010 1717 rei
1033 1672 1280 1717 memoriam
1297 1703 1311 1719 ·,

289 1781 425 1919 C
445 1783 669 1822 Amomcffi
697 1783 872 1823 Ecclefiae
898 1782 1078 1832 regimini
1104 1796 1170 1833 per
1197 1782 1428 1822 ineffabilem
1455 1786 1595 1825 divinae

458 1835 643 1872 bonitatis
671 1833 973 1876 abundantiam,
1001 1835 1108 1871 nullo
1141 1832 1234 1872 licet
1261 1834 1490 1875 meritorum
1514 1838 1595 1879 No-

459 1886 620 1923 strorum
640 1884 814 1933 suffragio
829 1912 840 1930 ‚
868 1883 1103 1933 praefidentes
1119 1913 1130 1930 ‚
1161 1887 1207 1923 eo
1234 1885 1470 1935 potissimum
1486 1890 1597 1947 Apo-

287 1938 427 1974 stohcae
443 1936 652 1984 vigilantiae
679 1936 795 1973 studia
811 1934 1012 1985 dirigenda
1028 1935 1098 1976 effe
1113 1937 1344 1978 arbitramur
1360 1967 1371 1984 ‚
1400 1948 1442 1981 ut
1466 1953 1531 1990 qur
1553 1954 1594 1983 ιι]

285 1986 427 2025 sortem
454 1988 616 2026 Domini
631 1986 758 2025 vocati
776 1987 858 2024 sunt
876 2013 888 2032 ,
913 1987 1251 2038 Ecclefiasticaeque
1272 1990 1424 2029 Militiae
1450 2004 1593 2030 nomen

284 2038 475 2076 dederunt
493 2065 505 2082 ,
534 2039 672 2087 ubique
709 2036 1060 2086 irreprehenfibiles.
1086 2040 1334 2079 inveniantur
1364 2071 1373 2080 .
1415 2042 1592 2082 Maxime

284 2089 467 2138 fiquidem
493 2090 592 2139 ipsos
611 2090 723 2128 decet
739 2088 863 2127 vitam
879 2117 891 2136 ‚
917 2091 1115 2138 moresque
1142 2091 1225 2131 suos
1244 2105 1378 2132 omnes
1403 2095 1458 2132 ita
1486 2108 1594 2135 com-

285 2153 428 2190 ponere
444 2168 455 2185 ,
471 2150 510 2179 ut
526 2141 657 2181 habitu
671 2169 682 2186 ,
695 2142 797 2190 gestu
816 2169 827 2187 ‚
842 2140 980 2180 incess'u
995 2170 1006 2187 ‚
1027 2143 1183 2192 aliisque
1195 2145 1372 2184 omnibus
1388 2146 1497 2184 rebus
1514 2148 1566 2185 nil
1579 2176 1592 2194 ,

288 2191 358 2230 nifi
386 2203 505 2240 grave
521 2220 535 2236 ,
564 2192 805 2231 moderatum
823 2221 834 2239 ,
862 2205 905 2232 ac
930 2193 1116 2243 religione.
1143 2196 1302 2245 plenum
1327 2196 1590 2246 praeseferant.

289 2244 483 2293 roirca
496 2243 668 2283 clericos
685 2244 941 2294 quoscumque
953 2270 964 2287 ‚
991 2248 1196 2295 praesertim
1209 2249 1304 2288 vero
1317 2249 1506 2290 Beneficia
1522 2251 1592 2288 Ec-

290 2295 490 2333 clefiastica
508 2295 725 2335 obtinentes
742 2324 753 2341 ‚
778 2297 901 2334 teneri
916 2297 1049 2339 Vestes
1061 2301 1235 2347 honestas
1251 2328 1263 2346 ‚
1276 2302 1314 2338 ὅ(
1333 2303 1485 2351 proprio
1498 2314 1592 2340 con-

287 2356 469 2395 gruentes
486 2346 627 2387 Ordini
653 2348 798 2400 semper
829 2348 1001 2396 deferre,
1031 2360 1075 2441 ult
1100 2363 1163 2401 per
1186 2352 1407 2393 decentiam
1435 2353 1591 2391 habitus

1107 2416 1128 2442 2
1448 2413 1592 2445 extrln-

1623 1788 1678 1818 Ad
1694 1788 1759 1818 Tit.
1776 1787 1833 1818 Vl.
1853 1790 1899 1818 De

1622 1836 1712 1860 atate
1726 1852 1735 1865 ,
1768 1829 1802 1864 θ’
1823 1840 1900 1869 qua-

1620 1873 1712 1902 litate
1731 1872 1897 1910 praeficirtt-

1621 1917 1747 1945 dorum.
