2043 2958
572 229 878 282 Tmunus
933 230 1040 280 IX·
1414 248 1472 293 33

624 348 671 398 C
707 349 761 398 A
799 347 851 398 P.
925 347 1014 398 II.

151 465 516 532 ‘Archiepzfiopos
530 502 546 524 ,
568 467 812 517 Provincia
828 503 844 525 ‚
867 467 922 515 Φ·
934 465 969 514 S
972 464 1239 535 afflaganeis
1256 484 1474 529 carentes,

299 556 376 585 nec
395 537 589 587 Concilm
607 539 919 588 Provincialia
953 557 1102 607 cogere
1121 574 1137 595 ‚
1175 560 1250 589 nec
1279 540 1333 591 ab

415 615 633 676 exemptis
649 614 695 657 in
716 607 1091 677 Metropolitanos
1112 612 1221 679 eligi

596 680 704 748 poffe
721 715 738 737 ,
768 680 1020 729 declaratur
1041 716 1050 726 .

319 797 520 865 Umque
541 801 666 859 juris
695 799 1037 845 tantummodo
1056 797 1111 845 fit
1131 834 1146 855 ,
1167 800 1473 861 majoritatis,
1597 852 1618 877 a

364 887 417 916 ac
467 870 844 935 praeeminentiae
894 865 1400 934 Metropolitanorum
1423 878 1437 894 ²
1458 906 1473 928 ,
1493 893 1703 934 can.‘1>ropter
1714 897 1748 930 4·

155 941 471 990 Provinciam
488 974 505 994 2
544 939 593 988 &
609 935 871 1005 Episcopos
890 973 906 996 ,
944 937 1030 987 fibi
1050 974 1067 995 ,
1095 940 1145 989 ὃ(
1174 937 1475 1008 Metropoli·
1494 940 1536 973 (φ
1553 948 1604 979 ¹5·
1623 936 1750 979 ‘istm‘

159 1025 283 1058 tanae
304 1009 520 1058 Eccleslae
537 1007 848 1074 suffragantes
867 1045 882 1066 ‚
901 1009 1192 1058 habentium
1211 1047 1227 1067 ,
1245 1010 1475 1061 Concilia

160 1078 491 1129 Provincialia
526 1095 698 1143 cogere
715 1111 731 1133 ,
767 1095 873 1142 quae
905 1082 1084 1127 merito
1117 1079 1473 1148 Episcoporum

160 1149 450 1199 Conventus
471 1147 811 1212 appellantur3
851 1147 1156 1195 decernimus
1178 1150 1393 1209 idcirco,
1423 1155 1473 1202 ὅτ,

157 1217 465 1273 eeroncilii
481 1215 763 1265 Tridentini
784 1221 956 1264 'mente
974 1215 1273 1267 declaramus
1290 1255 1308 1277 ,
1345 1221 1472 1269 nulli

158 1287 345 1336 licuisse
362 1324 378 1344 ,
393 1305 482 1335 nec
500 1286 645 1334 licere
663 1284 1074 1355 Archiepiscopo,
1090 1292 1175 1356 qui
1192 1289 1472 1349 Provincia,

156 1360 207 1409 ὃς
246 1357 496 1425 Episcopis
528 1373 684 1406 careat
714 1356 1017 1426 suffraganeis
1044 1395 1061 1417 ,
1100 1358 1187 1408 sub
1222 1376 1475 1426 praetextu

157 1446 355 1496 quoque
373 1464 389 1485 ,
428 1429 560 1494 quod
596 1427 819 1477 Abbates
857 1427 1006 1477 adsmt
1041 1433 1095 1477 in
1126 1434 1166 1491 ej
1176 1448 1226 1479 us
1256 1430 1472 1480 Dioecefi

158 1502 381 1565 exempti
413 1517 527 1545 cum
546 1499 820 1547 Territorio
838 1498 1052 1565 separato
1071 1534 1087 1558 ,
1115 1500 1472 1561 &jurisdieiio-

154 1586 270 1618 nem
308 1568 435 1635 quafi
463 1567 797 1636 Episcopalem
825 1569 1088 1627 habentes,
1129 1569 1471 1623 Provinciale,

157 1633 448 1688 Concilium
486 1638 596 1686 solis
616 1657 729 1686 cum
750 1637 923 1687 iisdem
942 1639 1228 1690 Abbatibus
1250 1641 1468 1692 celebra-

153 1726 234 1757 re:
269 1711 399 1777 quod
419 1708 450 1756 fi
469 1708 638 1758 fecerit
654 1745 669 1766 ,
688 1728 786 1758 non
805 1709 1167 1759 provincialem
1182 1748 1199 1770 ‚
1226 1711 1307 1760 sed
1321 1712 1469 1763 Dioe-

154 1780 370 1828 cesanam
389 1783 551 1846 potius
573 1779 831 1844 Synodum
849 1782 1223 1849 nuncupandam
1239 1781 1340 1833 fore
1357 1804 1468 1835 cen-

156 1847 315 1897 semus
336 1869 349 1908 3
390 1868 442 1897 ac
463 1851 663 1916 proinde
692 1869 780 1898 nec
814 1851 962 1899 talem
981 1851 1430 1921 Archiepiscopum
1450 1894 1467 1915 ‚

154 1920 214 1966 ad
229 1919 574 1969 Tridentinam
593 1955 609 1977 ,
643 1934 693 1968 ut
714 1919 853 1987 supra
873 1958 889 1979 ‚
909 1920 1200 1971 sand'tionem
1221 1940 1467 1992 exequen-

153 1989 267 2037 dam
289 2026 304 2047 ,
334 1994 385 2037 in
405 1987 854 2058 Metropolitanum
873 1991 934 2042 ab
953 1994 1325 2062 exemptisipfis
1345 1997 1465 2066 eligi

152 2058 280 2127 posse
303 2059 558 2115 definimus
575 2097 587 2109 .

856 2412 893 2463 E
1284 2412 1460 2465 CAP.
