2043 2958
611 246 672 275 AD
694 228 974 278 CONCILIUM
995 228 1252 281 ROMANUM
1268 267 1279 280 .
1498 251 1555 280 22
1570 252 1588 282 1

286 298 315 341 ',‚
343 295 506 335 Domini
530 300 660 337 vocati
683 299 793 346 1i1nt,
821 310 888 339 aut
915 303 1126 348 servandae,
1152 313 1217 342 aut
1242 302 1305 341 ubi
1334 314 1427 352 opus
1454 303 1594 349 fuerit,
1625 314 1665 351 ca,
1683 301 1848 351 disciplina
1872 300 1905 330 ³⁰

282 373 311 393 ,‚
339 350 586 388 restaurandae
602 354 730 396 ,juxta
747 351 938 392 sacrorum
955 355 1165 394 Canonum
1179 357 1354 393 instituta
1366 381 1377 398 ,
1392 355 1430 393 Sc
1443 353 1596 393 sanetis-
1623 346 1878 408 aspernatum..

283 426 312 444 ,,
341 400 454 438 fimas
470 399 644 458 Ecclesiae
658 404 760 452 leges
771 433 785 450 ,
812 405 849 441 ἅ
864 404 1130 445 ordinationes
1145 406 1253 445 omni
1270 407 1390 444 studio
1405 406 1596 456 advigile-
1623 389 1747 427 &³³¹⁸
1762 407 1771 416 '

285 477 314 497 ‚‚
342 464 427 489 mus
439 467 454 493 ,-
482 455 562 501 post
577 465 683 492 emm
698 455 811 504 primi
829 457 999 495 Parentis
1014 459 1156 508 lapsum
1170 486 1180 502 ‚
1196 459 1343 506 semper
1356 458 1404 496 ad
1416 458 1597 497 inferiora

286 529 313 548 ‚,
344 515 413 541 nos
431 504 610 553 deprimit
628 508 802 546 humanae
816 510 1071 547 mortalitatis
1089 509 1292 548 infirmitas
1304 537 1315 555 ‚
1330 511 1367 548 &c
1381 512 1504 548 carnis
1519 509 1597 547 fra-

287 582 314 600 „
342 555 494 605 gilitate
510 557 759 596 observantiae
785 559 894 609 vigor
912 561 1097 610 paulatim
1122 563 1343 602 relaxatum
1372 561 1470 600 unde
1493 562 1530 600 ὃς
1553 561 1601 599 de

288 634 316 652 „
344 607 541 646 mundano
566 610 720 657 pulvere
745 610 921 660 religiosa
950 614 1071 651 etiam
1096 614 1211 651 corda
1236 613 1446 651 sordescere
1462 641 1473 658 ‚
1498 613 1536 651 &
1564 613 1603 650 in

287 686 314 703 ‚‚
343 658 424 706 ipso
440 660 553 710 Agro
568 661 731 699 Domini
747 662 869 712 spinas
882 692 892 709 ‚
908 676 950 702 ac
967 665 1127 703 tribulos
1142 665 1356 703 identidem
1370 665 1603 714 germinare,

286 737 313 755 ‚‚
344 711 573 758 quotidiana
589 714 821 761 experientia
836 715 1064 755 edocemur:
1088 717 1189 763 quod
1212 718 1239 754 fi
1256 717 1370 755 noxia
1393 717 1482 754 inde
1497 717 1603 753 evel-

286 788 316 805 ‚‚
344 761 497 807 lantur,
527 765 565 803 ὅ(
590 763 703 802 utilia
732 767 956 814 plantentur
974 794 985 812 ‚
1017 767 1273 806 dubitandum
1302 780 1377 805 non
1406 769 1481 812 est,
1511 767 1603 815 quin

287 839 316 858 ‚,
345 812 523 857 uberior,
546 814 797 853 benedicente
822 818 996 855 Domino
1012 846 1023 862 ,
1051 819 1164 856 elec‘ti
1192 821 1420 856 Sanctorum
1443 829 1603 867 operum

287 891 314 908 ,‚
343 862 531 900 frumenti
547 865 673 901 meffis
686 876 844 913 exurgat
862 895 873 910 ‚
902 869 1101 917 omnisque
1117 870 1281 916 Populus
1297 871 1334 907 in
1351 870 1413 907 via
1425 868 1601 912 Domini,

287 941 315 960 ‚,
345 913 573 961 praelucente
588 913 708 952 Clero
724 942 735 960 ‚
756 916 920 954 feliciter
935 920 1223 969 progrediatur.
1255 920 1356 958 Cum
1377 919 1504 968 itaque
1526 920 1603 958 Di-

287 992 316 1012 ,‚
345 965 464 1001 lectus
479 964 595 1003 Filius
610 965 746 1003 Noster
758 967 978 1006 Ludovicus
1008 970 1044 1007 S.
1062 971 1105 1007 R.
1123 971 1167 1008 E.
1185 971 1404 1009 Cardinalis
1419 971 1574 1019 Belluga
1591 997 1602 1014 ‚

287 1044 316 1063 ‚,
345 1015 382 1052 ὅ(
399 1015 598 1054 Moncada
616 1027 851 1065 nuncupatus
866 1045 878 1062 ,
906 1020 1078 1057 Ecclefiae
1091 1022 1366 1070 Carthaginen.
1384 1034 1429 1059 ex
1445 1022 1605 1058 conces-

291 1095 320 1113 „
349 1068 472 1110 fione,
497 1070 534 1105 ὃ(
556 1067 835 1116 dispensatione
849 1070 1074 1116 Apostolica
1089 1071 1246 1117 Praesul,
1276 1073 1313 1110 in
1340 1073 1424 1120 ipsis
1444 1071 1606 1109 Pontifi-

287 1147 317 1166 ‚‚
346 1128 454 1156 catus
471 1117 597 1156 Nostri
615 1119 833 1166 primordiis
851 1146 862 1164 ‚
891 1119 1012 1158 Nobis
1041 1123 1293 1170 exposuisset,
1319 1124 1503 1162 nonnulla
1532 1124 1605 1161 Ec-

288 1198 317 1217 „
345 1169 557 1207 clefiasticae
592 1169 794 1217 disciplinae
825 1169 1039 1209 rationibus
1074 1200 1085 1215 ‚
1125 1185 1169 1210 ac
1208 1174 1466 1213 saluberrimis
1499 1175 1604 1212 Sacri

289 1250 316 1269 ‚‚
345 1221 581 1257 OEcumenici
611 1219 783 1258 Concilii
809 1220 1035 1260 Tridentini
1063 1224 1243 1263 Decretis
1283 1225 1604 1274 haudquaquamd

289 1301 318 1320 ‚,
347 1270 599 1308 consentanea
626 1299 638 1315 ‚
674 1271 808 1310 scnfim
832 1273 871 1309 in
898 1272 1054 1311 diversis
1071 1275 1229 1323 Inclytae
1258 1276 1441 1317 Nationis
1467 1277 1604 1324 Hispa-

290 1353 318 1371 „
348 1323 440 1360 nice
469 1322 564 1360 locis
604 1322 808 1372 obrepsisse
835 1351 846 1369 ,
884 1323 1004 1372 iisque
1033 1333 1074 1363 ut
1104 1335 1363 1375 opportunum
1389 1328 1604 1365 remedium

289 1404 318 1423 ‚‚
349 1371 593 1412 abhiberetur
606 1374 626 1411 a
645 1374 768 1414 Nobis
782 1403 793 1420 ‚
811 1375 945 1424 quibus
960 1378 1011 1414 est
1026 1377 1233 1415 commissa
1248 1378 1447 1427 plenitudo
1462 1378 1608 1416 sollici-

291 1455 319 1474 „
348 1425 494 1463 tudinis
510 1452 520 1469 ‚
544 1425 685 1463 nedum
709 1427 784 1475 ipse
799 1426 1016 1464 Ludovicus
1033 1428 1250 1467 Cardinalis
1267 1457 1279 1474 ‚
1306 1431 1344 1468 St
1359 1430 1516 1473 Praesul,
1543 1429 1608 1467 sed

290 1506 321 1526 ‚‚
350 1477 388 1514 Sc
413 1476 478 1514 alii
507 1476 775 1515 VeneFratres
789 1478 1105 1527 Archiepiscopi‚
1129 1480 1167 1518 ὃς
1196 1480 1367 1529 Episcopi
1383 1480 1608 1531 Regnorum

292 1557 322 1576 ,,
351 1527 622 1575 Hispaniarum
639 1528 835 1567 humiliter
854 1530 1102 1577 postulassent
1118 1544 1133 1570 3
1161 1543 1366 1580 eorumque
1390 1532 1509 1569 enixis
1525 1544 1609 1580 pre-

296 1607 324 1627 „
352 1580 458 1616 cibus
473 1578 534 1616 sua
554 1580 671 1616 etiam
685 1579 804 1618 studia
818 1607 829 1624 ‚
846 1592 890 1618 ac
905 1589 1000 1618 vota
1013 1580 1251 1620 chariffimus
1267 1584 1303 1620 in
1320 1583 1473 1621 Christo
1489 1581 1608 1621 Filius

296 1659 324 1678 ‚,
353 1630 491 1668 Noster
506 1630 698 1679 Philippus
711 1629 984 1680 Hispaniarum
1003 1632 1080 1669 Rex
1096 1632 1320 1671 Catholicus
1333 1661 1344 1677 ,
1359 1646 1427 1683 pro
1440 1637 1518 1680 ejus
1535 1634 1612 1671 sin-

297 1710 325 1729 „
353 1681 476 1730 gulari
491 1682 660 1730 pietate,
690 1682 728 1720 δε
751 1680 896 1720 eximio
911 1682 1134 1720 Christianae
1149 1683 1359 1734 Religionis
1376 1686 1485 1731 zelo,
1509 1684 1609 1722 datis

299 1761 326 1780 ‚,
356 1735 425 1770 hac
450 1732 497 1770 de
520 1745 560 1771 re
589 1732 636 1770 ad
649 1732 731 1770 Nos
756 1735 927 1781 pluribus
944 1734 1060 1772 literis
1080 1736 1384 1779 ‚conjunxissetz
1409 1737 1492 1774 Nos
1505 1734 1613 1773 Con-

299 1812 327 1831 ,‚
356 1784 571 1833 gregationi
599 1784 819 1832 particulari
845 1785 1121 1821 nonnullorum
1145 1798 1192 1823 ex
1209 1786 1507 1825 Venerabilibus
1520 1786 1613 1823 Fra-

301 1863 329 1882 „
358 1834 477 1872 tribus
502 1834 650 1871 Nostris
673 1834 837 1878 ejusdem
863 1836 900 1872 S.
918 1835 959 1871 R.
982 1835 1020 1871 E.
1037 1835 1306 1875 Cardiualibus
1334 1837 1501 1876 Concilii
1516 1836 1612 1875 Tri-

303 1914 332 1933 „
361 1883 513 1923 dentini
530 1884 804 1932 Interpretibus
821 1914 830 1930 ‚
845 1888 865 1924 a
879 1886 1002 1923 Nobis
1018 1885 1303 1934 deputatorum,
1320 1901 1403 1927 rem
1426 1900 1616 1927 omnem-2

305 1965 334 1984 ‚,
364 1936 495 1975 sedulo
523 1937 820 1976 examinandam
841 1936 1185 1977 demandavimus.
1218 1939 1260 1977 Id
1294 1949 1423 1980 autem
1454 1952 1541 1977 cum
1566 1940 1614 1979 ab

303 2016 331 2036 ,,
360 1988 434 2037 ipsa
454 1987 770 2039 Congregatione
788 1988 1069 2033 Cardinalium‚
1085 2001 1227 2038 ea,qua
1243 2003 1308 2039 par
1326 2001 1406 2029 erat
1423 2019 1434 2036 ‚
1449 1990 1617 2029 maturi-

303 2067 332 2086 „
360 2048 439 2077 tate
455 2041 655 2088 praestitum
669 2066 680 2083 ‚
697 2038 871 2089 illiusque
888 2040 1074 2078 sententia
1088 2041 1136 2078 ad
1152 2041 1234 2079 Nos
1252 2054 1315 2090 per
1327 2044 1493 2088 ejusdem
1510 2042 1620 2081 Con-

305 2118 334 2138 ‚,
361 2090 598 2139 gregationis
622 2091 879 2129 secretarium
908 2093 1026 2130 relata
1055 2091 1202 2132 fuer-its
1231 2093 1279 2130 de
1308 2104 1620 2134 memoratorum

304 2168 332 2189 ,‚
361 2140 628 2180 Cardinalium
643 2142 821 2189 consilio,
836 2155 1049 2196 congruum
1064 2171 1075 2189 ‚
1094 2145 1131 2182 ἃ
1146 2154 1403 2194 opportunum
1419 2147 1617 2193 duximus,

304 2220 332 2240 ‚,
361 2205 428 2238 ea,
456 2205 535 2242 quae
563 2193 661 2232 infra
681 2195 905 2243 sequuntur,
934 2196 980 2233 ad
1006 2196 1298 2244 Omnipotentis
1323 2199 1397 2237 Dei
1422 2200 1587 2250 gloriam
1603 2226 1615 2243 ‚

305 2272 334 2292 ‚‚
364 2245 533 2283 Ecclefiae
561 2243 795 2290 utilitatem,
826 2248 965 2286 veteris
982 2248 1184 2296 diseiplinae
1199 2248 1520 2289 instaurationem
1539 2277 1550 2295 ‚
1577 2250 1616 2287 δε

306 2323 334 2342 ,,
367 2295 598 2344 spiritualem
629 2297 846 2346 Regnorum
883 2299 1154 2347 Hispaniarum
1183 2299 1481 2340 aedificationem
1504 2330 1514 2346 ‚
1545 2304 1615 2341 hac

307 2374 335 2392 „
364 2347 502 2439 {Odstr‘i
518 2351 698 2397 perpetuo
718 2351 882 2392 valitura
894 2351 1177 2393 Constitutione
1193 2354 1355 2394 statuere
1367 2379 1380 2401 ‚
1393 2354 1614 2443 decerngrffi

308 2426 337 2445 ,,
393 2408 402 2414 Γ
445 2411 486 2438 ec
506 2410 612 2439 arare
625 2427 635 2438 .
1487 2419 1501 2442 1
1564 2416 1615 2442 ri-
