<?xml version="1.0" encoding="UTF-8"?>
<!DOCTYPE html PUBLIC "-//W3C//DTD XHTML 1.0 Transitional//EN"
    "http://www.w3.org/TR/xhtml1/DTD/xhtml1-transitional.dtd">
<html xmlns="http://www.w3.org/1999/xhtml" xml:lang="en" lang="en">
 <head>
  <title>
</title>
<meta http-equiv="Content-Type" content="text/html;charset=utf-8" />
  <meta name='ocr-system' content='tesseract 3.04.00' />
  <meta name='ocr-capabilities' content='ocr_page ocr_carea ocr_par ocr_line ocrx_word'/>
</head>
<body>
  <div class='ocr_page' id='page_1' title='image "./conciliumromanum00cath_0034.png"; bbox 0 0 2043 2958; ppageno 0'>
   <div class='ocr_carea' id='block_1_1' title="bbox 437 214 1776 1754">
    <p class='ocr_par' dir='ltr' id='par_1_1' title="bbox 437 214 1776 1117">
     <span class='ocr_line' id='line_1_1' title="bbox 447 214 1423 266; baseline -0.002 -3"><span class='ocrx_word' id='word_1_1' title='bbox 447 220 473 263; x_wconf 90' lang='lat'>8</span> <span class='ocrx_word' id='word_1_2' title='bbox 799 214 1423 266; x_wconf 73' lang='lat' dir='ltr'>CONCILIIROMANI</span> 
     </span>
     <span class='ocr_line' id='line_1_2' title="bbox 442 281 1775 354; baseline 0 -19"><span class='ocrx_word' id='word_1_3' title='bbox 442 285 656 335; x_wconf 61' lang='lat' dir='ltr'><strong>districte</strong></span> <span class='ocrx_word' id='word_1_4' title='bbox 676 291 991 354; x_wconf 72' lang='lat' dir='ltr'><strong>praecipimus</strong></span> <span class='ocrx_word' id='word_1_5' title='bbox 1009 324 1024 346; x_wconf 87' lang='lat'><strong>,</strong></span> <span class='ocrx_word' id='word_1_6' title='bbox 1045 288 1093 337; x_wconf 70' lang='grc' dir='ltr'>ἃ</span> <span class='ocrx_word' id='word_1_7' title='bbox 1113 286 1398 334; x_wconf 80' lang='lat' dir='ltr'><strong>mandamus</strong></span> <span class='ocrx_word' id='word_1_8' title='bbox 1420 321 1436 343; x_wconf 90' lang='lat'>‚</span> <span class='ocrx_word' id='word_1_9' title='bbox 1470 296 1524 333; x_wconf 88' lang='lat' dir='ltr'><strong>ut</strong></span> <span class='ocrx_word' id='word_1_10' title='bbox 1542 281 1670 334; x_wconf 84' lang='lat' dir='ltr'><strong>infra</strong></span> <span class='ocrx_word' id='word_1_11' title='bbox 1699 304 1775 335; x_wconf 89' lang='lat' dir='ltr'><strong>ea-</strong></span> 
     </span>
     <span class='ocr_line' id='line_1_3' title="bbox 441 355 1771 424; baseline -0.001 -18"><span class='ocrx_word' id='word_1_12' title='bbox 441 357 669 406; x_wconf 89' lang='lat' dir='ltr'><strong>rumdem</strong></span> <span class='ocrx_word' id='word_1_13' title='bbox 708 357 937 406; x_wconf 86' lang='lat' dir='ltr'><strong>solemnia</strong></span> <span class='ocrx_word' id='word_1_14' title='bbox 969 358 1262 414; x_wconf 56' lang='lat' dir='ltr'><strong>Mfflhrum,</strong></span> <span class='ocrx_word' id='word_1_15' title='bbox 1297 356 1457 406; x_wconf 90' lang='lat' dir='ltr'><strong>statim</strong></span> <span class='ocrx_word' id='word_1_16' title='bbox 1492 355 1597 424; x_wconf 90' lang='lat' dir='ltr'><strong>post</strong></span> <span class='ocrx_word' id='word_1_17' title='bbox 1629 356 1771 406; x_wconf 87' lang='lat' dir='ltr'><strong>habi-</strong></span> 
     </span>
     <span class='ocr_line' id='line_1_4' title="bbox 441 428 1774 499; baseline -0.001 -21"><span class='ocrx_word' id='word_1_18' title='bbox 441 444 550 478; x_wconf 90' lang='lat' dir='ltr'><strong>tum</strong></span> <span class='ocrx_word' id='word_1_19' title='bbox 584 445 636 478; x_wconf 89' lang='lat' dir='ltr'><strong>ut</strong></span> <span class='ocrx_word' id='word_1_20' title='bbox 670 429 810 499; x_wconf 87' lang='lat' dir='ltr'><strong>supra</strong></span> <span class='ocrx_word' id='word_1_21' title='bbox 842 428 1114 479; x_wconf 89' lang='lat' dir='ltr'><strong>sermonem</strong></span> <span class='ocrx_word' id='word_1_22' title='bbox 1132 466 1148 488; x_wconf 87' lang='lat'>‚</span> <span class='ocrx_word' id='word_1_23' title='bbox 1183 429 1279 478; x_wconf 89' lang='lat' dir='ltr'><strong>alta</strong></span> <span class='ocrx_word' id='word_1_24' title='bbox 1297 447 1418 477; x_wconf 83' lang='lat' dir='ltr'><strong>voce</strong></span> <span class='ocrx_word' id='word_1_25' title='bbox 1438 464 1454 487; x_wconf 87' lang='lat'>,</span> <span class='ocrx_word' id='word_1_26' title='bbox 1483 429 1532 478; x_wconf 72' lang='grc' dir='ltr'>ἃ</span> <span class='ocrx_word' id='word_1_27' title='bbox 1552 442 1774 477; x_wconf 89' lang='lat' dir='ltr'><strong>materno</strong></span> 
     </span>
     <span class='ocr_line' id='line_1_5' title="bbox 439 499 1776 570; baseline 0.001 -22"><span class='ocrx_word' id='word_1_28' title='bbox 439 501 674 549; x_wconf 79' lang='lat' dir='ltr'>idiomate</span> <span class='ocrx_word' id='word_1_29' title='bbox 690 538 704 558; x_wconf 92' lang='lat'>,</span> <span class='ocrx_word' id='word_1_30' title='bbox 729 502 915 570; x_wconf 85' lang='lat' dir='ltr'><strong>populo</strong></span> <span class='ocrx_word' id='word_1_31' title='bbox 937 499 1163 550; x_wconf 77' lang='lat' dir='ltr'><strong>universo</strong></span> <span class='ocrx_word' id='word_1_32' title='bbox 1181 499 1500 568; x_wconf 85' lang='lat' dir='ltr'><strong>respondente</strong></span> <span class='ocrx_word' id='word_1_33' title='bbox 1515 535 1530 556; x_wconf 92' lang='lat'>,</span> <span class='ocrx_word' id='word_1_34' title='bbox 1550 500 1702 566; x_wconf 89' lang='lat' dir='ltr'><strong>quod,</strong></span> <span class='ocrx_word' id='word_1_35' title='bbox 1724 501 1776 550; x_wconf 84' lang='lat'>&amp;</span> 
     </span>
     <span class='ocr_line' id='line_1_6' title="bbox 438 569 1773 639; baseline -0.001 -20"><span class='ocrx_word' id='word_1_36' title='bbox 438 574 493 619; x_wconf 85' lang='lat' dir='ltr'><strong>in</strong></span> <span class='ocrx_word' id='word_1_37' title='bbox 520 571 724 620; x_wconf 86' lang='lat' dir='ltr'><strong>secunda</strong></span> <span class='ocrx_word' id='word_1_38' title='bbox 743 572 888 621; x_wconf 82' lang='lat' dir='ltr'><strong>Missa</strong></span> <span class='ocrx_word' id='word_1_39' title='bbox 925 572 1025 639; x_wconf 87' lang='lat' dir='ltr'><strong>post</strong></span> <span class='ocrx_word' id='word_1_40' title='bbox 1046 570 1328 621; x_wconf 89' lang='lat' dir='ltr'><strong>Parochum</strong></span> <span class='ocrx_word' id='word_1_41' title='bbox 1346 607 1361 628; x_wconf 89' lang='lat'>,</span> <span class='ocrx_word' id='word_1_42' title='bbox 1399 585 1453 618; x_wconf 93' lang='lat' dir='ltr'><strong>ut</strong></span> <span class='ocrx_word' id='word_1_43' title='bbox 1487 569 1773 619; x_wconf 76' lang='lat' dir='ltr'><strong>omnimode</strong></span> 
     </span>
     <span class='ocr_line' id='line_1_7' title="bbox 437 639 1770 710; baseline -0.002 -21"><span class='ocrx_word' id='word_1_44' title='bbox 437 645 779 710; x_wconf 80' lang='lat' dir='ltr'><strong>ignorantium</strong></span> <span class='ocrx_word' id='word_1_45' title='bbox 800 643 1001 692; x_wconf 81' lang='lat' dir='ltr'><strong>malitiae</strong></span> <span class='ocrx_word' id='word_1_46' title='bbox 1036 656 1321 690; x_wconf 77' lang='lat' dir='ltr'><strong>occurratur</strong></span> <span class='ocrx_word' id='word_1_47' title='bbox 1342 676 1358 698; x_wconf 86' lang='lat'><strong><em>,</em></strong></span> <span class='ocrx_word' id='word_1_48' title='bbox 1390 644 1476 707; x_wconf 91' lang='lat' dir='ltr'><strong>qui</strong></span> <span class='ocrx_word' id='word_1_49' title='bbox 1497 639 1770 688; x_wconf 84' lang='lat' dir='ltr'><strong>Cathechi-</strong></span> 
     </span>
     <span class='ocr_line' id='line_1_8' title="bbox 440 709 1769 781; baseline -0.002 -21"><span class='ocrx_word' id='word_1_50' title='bbox 440 712 604 760; x_wconf 84' lang='lat' dir='ltr'><strong>smum</strong></span> <span class='ocrx_word' id='word_1_51' title='bbox 620 712 889 781; x_wconf 78' lang='lat' dir='ltr'><strong>effugiunt3</strong></span> <span class='ocrx_word' id='word_1_52' title='bbox 924 732 977 762; x_wconf 91' lang='lat' dir='ltr'><strong>ac</strong></span> <span class='ocrx_word' id='word_1_53' title='bbox 1009 717 1156 761; x_wconf 90' lang='lat' dir='ltr'><strong>etiam</strong></span> <span class='ocrx_word' id='word_1_54' title='bbox 1191 715 1244 760; x_wconf 91' lang='lat' dir='ltr'><strong>in</strong></span> <span class='ocrx_word' id='word_1_55' title='bbox 1275 710 1519 760; x_wconf 90' lang='lat' dir='ltr'><strong>Oratoriis</strong></span> <span class='ocrx_word' id='word_1_56' title='bbox 1540 746 1557 768; x_wconf 88' lang='lat'><strong><em>,</em></strong></span> <span class='ocrx_word' id='word_1_57' title='bbox 1584 709 1769 779; x_wconf 76' lang='lat' dir='ltr'><strong>Capel-</strong></span> 
     </span>
     <span class='ocr_line' id='line_1_9' title="bbox 437 780 1771 842; baseline 0.001 -11"><span class='ocrx_word' id='word_1_58' title='bbox 437 783 501 832; x_wconf 75' lang='lat' dir='ltr'><strong>lis</strong></span> <span class='ocrx_word' id='word_1_59' title='bbox 530 821 546 842; x_wconf 90' lang='lat'><strong>,</strong></span> <span class='ocrx_word' id='word_1_60' title='bbox 584 786 634 834; x_wconf 65' lang='grc' dir='ltr'><strong>ὃς</strong></span> <span class='ocrx_word' id='word_1_61' title='bbox 665 783 890 833; x_wconf 85' lang='lat' dir='ltr'><strong>Ecclefiis</strong></span> <span class='ocrx_word' id='word_1_62' title='bbox 928 783 1172 833; x_wconf 88' lang='lat' dir='ltr'><strong>ruralibus</strong></span> <span class='ocrx_word' id='word_1_63' title='bbox 1204 818 1221 839; x_wconf 91' lang='lat'><em>,</em></span> <span class='ocrx_word' id='word_1_64' title='bbox 1259 781 1344 831; x_wconf 92' lang='lat' dir='ltr'><strong>ubi</strong></span> <span class='ocrx_word' id='word_1_65' title='bbox 1376 780 1504 830; x_wconf 86' lang='lat' dir='ltr'><strong>sacra</strong></span> <span class='ocrx_word' id='word_1_66' title='bbox 1532 780 1771 832; x_wconf 88' lang='lat' dir='ltr'><strong>celebrari</strong></span> 
     </span>
     <span class='ocr_line' id='line_1_10' title="bbox 439 852 1769 921; baseline -0.001 -18"><span class='ocrx_word' id='word_1_67' title='bbox 439 854 766 913; x_wconf 85' lang='lat' dir='ltr'><strong>consuevere,</strong></span> <span class='ocrx_word' id='word_1_68' title='bbox 796 856 1099 905; x_wconf 80' lang='lat' dir='ltr'><strong>celebrantes</strong></span> <span class='ocrx_word' id='word_1_69' title='bbox 1134 889 1149 910; x_wconf 86' lang='lat'><strong>,</strong></span> <span class='ocrx_word' id='word_1_70' title='bbox 1182 852 1452 921; x_wconf 86' lang='lat' dir='ltr'><strong>adimplere</strong></span> <span class='ocrx_word' id='word_1_71' title='bbox 1481 866 1769 912; x_wconf 89' lang='lat' dir='ltr'><strong>teneantur,</strong></span> 
     </span>
     <span class='ocr_line' id='line_1_11' title="bbox 437 920 1769 994; baseline 0 -21"><span class='ocrx_word' id='word_1_72' title='bbox 437 924 527 975; x_wconf 80' lang='lat' dir='ltr'><strong>sub</strong></span> <span class='ocrx_word' id='word_1_73' title='bbox 565 944 708 994; x_wconf 87' lang='lat' dir='ltr'><strong>poena</strong></span> <span class='ocrx_word' id='word_1_74' title='bbox 742 925 1055 994; x_wconf 74' lang='lat' dir='ltr'><strong>suspensionis</strong></span> <span class='ocrx_word' id='word_1_75' title='bbox 1095 944 1119 973; x_wconf 93' lang='lat' dir='ltr'><strong>a</strong></span> <span class='ocrx_word' id='word_1_76' title='bbox 1153 923 1337 973; x_wconf 86' lang='lat' dir='ltr'><strong>divinis</strong></span> <span class='ocrx_word' id='word_1_77' title='bbox 1359 961 1375 983; x_wconf 85' lang='lat'><strong>,</strong></span> <span class='ocrx_word' id='word_1_78' title='bbox 1411 920 1769 989; x_wconf 82' lang='lat' dir='ltr'><strong>Episcoporurn</strong></span> 
     </span>
     <span class='ocr_line' id='line_1_12' title="bbox 438 994 1768 1064; baseline 0.002 -20"><span class='ocrx_word' id='word_1_79' title='bbox 438 996 647 1047; x_wconf 88' lang='lat' dir='ltr'><strong>arbitrio</strong></span> <span class='ocrx_word' id='word_1_80' title='bbox 680 999 978 1064; x_wconf 90' lang='lat' dir='ltr'><strong>imponenda</strong></span> <span class='ocrx_word' id='word_1_81' title='bbox 999 1033 1015 1055; x_wconf 90' lang='lat'><strong>,</strong></span> <span class='ocrx_word' id='word_1_82' title='bbox 1049 996 1222 1045; x_wconf 83' lang='lat' dir='ltr'><strong>saltem</strong></span> <span class='ocrx_word' id='word_1_83' title='bbox 1240 994 1489 1062; x_wconf 79' lang='lat' dir='ltr'><strong>sequentia</strong></span> <span class='ocrx_word' id='word_1_84' title='bbox 1523 995 1768 1062; x_wconf 85' lang='lat' dir='ltr'><strong>paulatim</strong></span> 
     </span>
     <span class='ocr_line' id='line_1_13' title="bbox 440 1068 972 1117; baseline 0.004 -3"><span class='ocrx_word' id='word_1_85' title='bbox 440 1068 680 1117; x_wconf 87' lang='lat' dir='ltr'><strong>cantando</strong></span> <span class='ocrx_word' id='word_1_86' title='bbox 700 1068 933 1116; x_wconf 81' lang='lat' dir='ltr'><strong>edoceant</strong></span> <span class='ocrx_word' id='word_1_87' title='bbox 950 1095 972 1103; x_wconf 97' lang='lat'>-</span> 
     </span>
    </p>

    <p class='ocr_par' dir='ltr' id='par_1_2' title="bbox 582 1137 1091 1203">
     <span class='ocr_line' id='line_1_14' title="bbox 582 1137 1091 1203; baseline -0.008 -17"><span class='ocrx_word' id='word_1_88' title='bbox 582 1137 792 1203; x_wconf 82' lang='lat' dir='ltr'><strong>Signum</strong></span> <span class='ocrx_word' id='word_1_89' title='bbox 813 1137 857 1184; x_wconf 88' lang='lat' dir='ltr'><strong>S.</strong></span> <span class='ocrx_word' id='word_1_90' title='bbox 880 1137 1059 1185; x_wconf 82' lang='lat' dir='ltr'><strong>Crucis</strong></span> <span class='ocrx_word' id='word_1_91' title='bbox 1080 1171 1091 1182; x_wconf 90' lang='lat'><em>.</em></span> 
     </span>
    </p>

    <p class='ocr_par' dir='ltr' id='par_1_3' title="bbox 578 1205 1711 1273">
     <span class='ocr_line' id='line_1_15' title="bbox 578 1205 1711 1273; baseline 0 -17"><span class='ocrx_word' id='word_1_92' title='bbox 578 1205 822 1273; x_wconf 85' lang='lat' dir='ltr'><strong>Mysteria</strong></span> <span class='ocrx_word' id='word_1_93' title='bbox 845 1205 924 1255; x_wconf 88' lang='lat' dir='ltr'><strong>SS.</strong></span> <span class='ocrx_word' id='word_1_94' title='bbox 943 1206 1205 1256; x_wconf 83' lang='lat' dir='ltr'><strong>Trinitatis</strong></span> <span class='ocrx_word' id='word_1_95' title='bbox 1224 1239 1241 1262; x_wconf 89' lang='lat'>,</span> <span class='ocrx_word' id='word_1_96' title='bbox 1260 1206 1310 1256; x_wconf 62' lang='grc' dir='ltr'><strong>ὃς</strong></span> <span class='ocrx_word' id='word_1_97' title='bbox 1328 1205 1682 1269; x_wconf 81' lang='lat' dir='ltr'><strong>Incarnationis</strong></span> <span class='ocrx_word' id='word_1_98' title='bbox 1702 1245 1711 1256; x_wconf 91' lang='lat'>.</span> 
     </span>
    </p>

    <p class='ocr_par' dir='ltr' id='par_1_4' title="bbox 578 1276 1287 1347">
     <span class='ocr_line' id='line_1_16' title="bbox 578 1276 1287 1347; baseline -0.006 -20"><span class='ocrx_word' id='word_1_99' title='bbox 578 1277 884 1343; x_wconf 89' lang='lat' dir='ltr'><strong>Symbolum</strong></span> <span class='ocrx_word' id='word_1_100' title='bbox 903 1276 1256 1347; x_wconf 85' lang='lat' dir='ltr'><strong>Apostolorum</strong></span> <span class='ocrx_word' id='word_1_101' title='bbox 1276 1314 1287 1324; x_wconf 90' lang='lat'><em>.</em></span> 
     </span>
    </p>

    <p class='ocr_par' dir='ltr' id='par_1_5' title="bbox 583 1348 1301 1399">
     <span class='ocr_line' id='line_1_17' title="bbox 583 1348 1301 1399; baseline 0 -1"><span class='ocrx_word' id='word_1_102' title='bbox 583 1348 877 1399; x_wconf 88' lang='lat' dir='ltr'><strong>Orationem</strong></span> <span class='ocrx_word' id='word_1_103' title='bbox 896 1348 1270 1399; x_wconf 82' lang='lat' dir='ltr'><strong>Dominicalem</strong></span> <span class='ocrx_word' id='word_1_104' title='bbox 1289 1385 1301 1398; x_wconf 91' lang='lat'>.</span> 
     </span>
    </p>

    <p class='ocr_par' dir='ltr' id='par_1_6' title="bbox 578 1419 1283 1487">
     <span class='ocr_line' id='line_1_18' title="bbox 578 1419 1283 1487; baseline 0 -19"><span class='ocrx_word' id='word_1_105' title='bbox 578 1419 936 1468; x_wconf 88' lang='lat' dir='ltr'><strong>Salutationem</strong></span> <span class='ocrx_word' id='word_1_106' title='bbox 956 1420 1256 1487; x_wconf 79' lang='lat' dir='ltr'><strong>Angelicam</strong></span> <span class='ocrx_word' id='word_1_107' title='bbox 1272 1457 1283 1468; x_wconf 87' lang='lat'><strong>.</strong></span> 
     </span>
    </p>

    <p class='ocr_par' dir='ltr' id='par_1_7' title="bbox 580 1489 1123 1559">
     <span class='ocr_line' id='line_1_19' title="bbox 580 1489 1123 1559; baseline -0.002 -20"><span class='ocrx_word' id='word_1_108' title='bbox 580 1489 833 1558; x_wconf 79' lang='lat' dir='ltr'><strong>Praecepta</strong></span> <span class='ocrx_word' id='word_1_109' title='bbox 849 1490 1095 1559; x_wconf 83' lang='lat' dir='ltr'><strong>Decalogi</strong></span> <span class='ocrx_word' id='word_1_110' title='bbox 1112 1526 1123 1538; x_wconf 89' lang='lat'>.</span> 
     </span>
    </p>

    <p class='ocr_par' dir='ltr' id='par_1_8' title="bbox 585 1560 1113 1627">
     <span class='ocr_line' id='line_1_20' title="bbox 585 1560 1113 1627; baseline 0 -18"><span class='ocrx_word' id='word_1_111' title='bbox 585 1560 837 1627; x_wconf 85' lang='lat' dir='ltr'><strong>Praecepta</strong></span> <span class='ocrx_word' id='word_1_112' title='bbox 864 1561 1084 1609; x_wconf 84' lang='lat' dir='ltr'><strong>Ecclefiae</strong></span> <span class='ocrx_word' id='word_1_113' title='bbox 1102 1597 1113 1608; x_wconf 89' lang='lat'><strong><em>.</em></strong></span> 
     </span>
    </p>

    <p class='ocr_par' dir='ltr' id='par_1_9' title="bbox 582 1629 1149 1698">
     <span class='ocr_line' id='line_1_21' title="bbox 582 1629 1149 1698; baseline -0.004 -19"><span class='ocrx_word' id='word_1_114' title='bbox 582 1629 784 1698; x_wconf 86' lang='lat' dir='ltr'><strong>Septem</strong></span> <span class='ocrx_word' id='word_1_115' title='bbox 806 1630 1117 1680; x_wconf 88' lang='lat' dir='ltr'><strong>Sacramenta</strong></span> <span class='ocrx_word' id='word_1_116' title='bbox 1139 1666 1149 1677; x_wconf 89' lang='lat'><strong>.</strong></span> 
     </span>
    </p>

    <p class='ocr_par' dir='ltr' id='par_1_10' title="bbox 581 1700 1160 1754">
     <span class='ocr_line' id='line_1_22' title="bbox 581 1700 1160 1754; baseline 0 -4"><span class='ocrx_word' id='word_1_117' title='bbox 581 1700 773 1751; x_wconf 71' lang='lat' dir='ltr'><strong>Astum</strong></span> <span class='ocrx_word' id='word_1_118' title='bbox 789 1702 1122 1754; x_wconf 90' lang='lat' dir='ltr'><strong>Contritionis</strong></span> <span class='ocrx_word' id='word_1_119' title='bbox 1144 1703 1160 1749; x_wconf 74' lang='grc'><strong>.’</strong></span> 
     </span>
    </p>
   </div>
   <div class='ocr_carea' id='block_1_2' title="bbox 512 1846 1694 2022">
    <p class='ocr_par' dir='ltr' id='par_1_11' title="bbox 512 1846 1694 2022">
     <span class='ocr_line' id='line_1_23' title="bbox 906 1846 1315 1898; baseline -0.01 0"><span class='ocrx_word' id='word_1_120' title='bbox 906 1848 954 1898; x_wconf 87' lang='lat' dir='ltr'>C</span> <span class='ocrx_word' id='word_1_121' title='bbox 991 1849 1042 1897; x_wconf 89' lang='lat' dir='ltr'>A</span> <span class='ocrx_word' id='word_1_122' title='bbox 1080 1847 1133 1898; x_wconf 86' lang='lat' dir='ltr'><strong>P.</strong></span> <span class='ocrx_word' id='word_1_123' title='bbox 1210 1846 1315 1897; x_wconf 79' lang='lat' dir='ltr'><strong>VI.</strong></span> 
     </span>
     <span class='ocr_line' id='line_1_24' title="bbox 512 1952 1694 2022; baseline -0.001 -18"><span class='ocrx_word' id='word_1_124' title='bbox 512 1952 797 2022; x_wconf 77' lang='lat' dir='ltr'><strong>Theologalis</strong></span> <span class='ocrx_word' id='word_1_125' title='bbox 829 1954 1065 2002; x_wconf 60' lang='lat' dir='ltr'><strong>Praebeszda</strong></span> <span class='ocrx_word' id='word_1_126' title='bbox 1082 1989 1100 2011; x_wconf 91' lang='lat'><em>,</em></span> <span class='ocrx_word' id='word_1_127' title='bbox 1139 1955 1201 2002; x_wconf 77' lang='lat' dir='ltr'><strong>ad</strong></span> <span class='ocrx_word' id='word_1_128' title='bbox 1218 1953 1405 2002; x_wconf 83' lang='lat' dir='ltr'><strong>Concilii</strong></span> <span class='ocrx_word' id='word_1_129' title='bbox 1427 1952 1694 2003; x_wconf 75' lang='lat' dir='ltr'><strong>Tridentini</strong></span> 
     </span>
    </p>
   </div>
   <div class='ocr_carea' id='block_1_3' title="bbox 659 2023 1538 2094">
    <p class='ocr_par' dir='ltr' id='par_1_12' title="bbox 659 2023 1538 2094">
     <span class='ocr_line' id='line_1_25' title="bbox 659 2023 1538 2094; baseline 0 -22"><span class='ocrx_word' id='word_1_130' title='bbox 659 2023 961 2091; x_wconf 75' lang='lat' dir='ltr'><strong>praefiriptum</strong></span> <span class='ocrx_word' id='word_1_131' title='bbox 981 2059 997 2081; x_wconf 82' lang='lat'><em>,</em></span> <span class='ocrx_word' id='word_1_132' title='bbox 1018 2025 1226 2094; x_wconf 78' lang='lat' dir='ltr'><strong>erigenda</strong></span> <span class='ocrx_word' id='word_1_133' title='bbox 1252 2025 1508 2074; x_wconf 79' lang='lat' dir='ltr'><strong>decernitur</strong></span> <span class='ocrx_word' id='word_1_134' title='bbox 1527 2061 1538 2072; x_wconf 94' lang='lat'><strong>.</strong></span> 
     </span>
    </p>
   </div>
   <div class='ocr_carea' id='block_1_4' title="bbox 438 2128 1770 2413">
    <p class='ocr_par' dir='ltr' id='par_1_13' title="bbox 562 2128 1770 2273">
     <span class='ocr_line' id='line_1_26' title="bbox 562 2128 1770 2201; baseline -0.001 -21"><span class='ocrx_word' id='word_1_135' title='bbox 562 2130 879 2197; x_wconf 89' lang='lat' dir='ltr'><strong>Piscoporum</strong></span> <span class='ocrx_word' id='word_1_136' title='bbox 899 2130 1247 2181; x_wconf 85' lang='lat' dir='ltr'><strong>conscientiam</strong></span> <span class='ocrx_word' id='word_1_137' title='bbox 1270 2167 1286 2190; x_wconf 92' lang='lat'>‚</span> <span class='ocrx_word' id='word_1_138' title='bbox 1306 2150 1457 2201; x_wconf 90' lang='lat' dir='ltr'><strong>quam</strong></span> <span class='ocrx_word' id='word_1_139' title='bbox 1478 2131 1592 2180; x_wconf 73' lang='lat' dir='ltr'><strong>alias</strong></span> <span class='ocrx_word' id='word_1_140' title='bbox 1612 2128 1698 2197; x_wconf 85' lang='lat' dir='ltr'><strong>ipfi</strong></span> <span class='ocrx_word' id='word_1_141' title='bbox 1717 2132 1770 2179; x_wconf 87' lang='lat' dir='ltr'><strong>in</strong></span> 
     </span>
     <span class='ocr_line' id='line_1_27' title="bbox 589 2200 1770 2273; baseline -0.003 -21"><span class='ocrx_word' id='word_1_142' title='bbox 589 2200 904 2269; x_wconf 81' lang='lat' dir='ltr'><strong>Episcopatus</strong></span> <span class='ocrx_word' id='word_1_143' title='bbox 926 2201 1081 2252; x_wconf 84' lang='lat' dir='ltr'><strong>Bullis</strong></span> <span class='ocrx_word' id='word_1_144' title='bbox 1102 2219 1351 2254; x_wconf 87' lang='lat' dir='ltr'><strong>oneratam</strong></span> <span class='ocrx_word' id='word_1_145' title='bbox 1372 2202 1659 2273; x_wconf 83' lang='lat' dir='ltr'><strong>agnoscunt,</strong></span> <span class='ocrx_word' id='word_1_146' title='bbox 1678 2203 1770 2249; x_wconf 87' lang='lat' dir='ltr'><strong>ite-</strong></span> 
     </span>
    </p>

    <p class='ocr_par' dir='ltr' id='par_1_14' title="bbox 438 2273 1770 2413">
     <span class='ocr_line' id='line_1_28' title="bbox 440 2273 1770 2344; baseline 0 -22"><span class='ocrx_word' id='word_1_147' title='bbox 440 2288 554 2317; x_wconf 77' lang='lat' dir='ltr'><strong>rum</strong></span> <span class='ocrx_word' id='word_1_148' title='bbox 572 2273 673 2322; x_wconf 87' lang='lat' dir='ltr'><strong>Nos</strong></span> <span class='ocrx_word' id='word_1_149' title='bbox 695 2274 960 2340; x_wconf 82' lang='lat' dir='ltr'><strong>gravando,</strong></span> <span class='ocrx_word' id='word_1_150' title='bbox 981 2279 1277 2344; x_wconf 80' lang='lat' dir='ltr'><strong>injungimus</strong></span> <span class='ocrx_word' id='word_1_151' title='bbox 1293 2275 1473 2326; x_wconf 88' lang='lat' dir='ltr'><strong>eisdem</strong></span> <span class='ocrx_word' id='word_1_152' title='bbox 1490 2312 1506 2334; x_wconf 93' lang='lat'>,</span> <span class='ocrx_word' id='word_1_153' title='bbox 1525 2289 1577 2323; x_wconf 91' lang='lat' dir='ltr'><strong>ut</strong></span> <span class='ocrx_word' id='word_1_154' title='bbox 1591 2289 1770 2322; x_wconf 81' lang='lat' dir='ltr'><strong>eternae</strong></span> 
     </span>
     <span class='ocr_line' id='line_1_29' title="bbox 438 2338 1768 2413; baseline -0.001 -21"><span class='ocrx_word' id='word_1_155' title='bbox 438 2338 533 2391; x_wconf 77' lang='lat' dir='ltr'><strong>suae</strong></span> <span class='ocrx_word' id='word_1_156' title='bbox 554 2379 571 2402; x_wconf 85' lang='grc'>,</span> <span class='ocrx_word' id='word_1_157' title='bbox 606 2344 901 2413; x_wconf 85' lang='lat' dir='ltr'><strong>suorumque</strong></span> <span class='ocrx_word' id='word_1_158' title='bbox 932 2344 1095 2396; x_wconf 85' lang='lat' dir='ltr'><strong>salutis</strong></span> <span class='ocrx_word' id='word_1_159' title='bbox 1116 2365 1356 2397; x_wconf 89' lang='lat' dir='ltr'><strong>memores</strong></span> <span class='ocrx_word' id='word_1_160' title='bbox 1378 2383 1394 2406; x_wconf 89' lang='lat'><strong><em>,</em></strong></span> <span class='ocrx_word' id='word_1_161' title='bbox 1422 2351 1475 2396; x_wconf 90' lang='lat' dir='ltr'><strong>in</strong></span> <span class='ocrx_word' id='word_1_162' title='bbox 1498 2344 1768 2398; x_wconf 86' lang='lat' dir='ltr'><strong>Cathedra-</strong></span> 
     </span>
    </p>
   </div>
   <div class='ocr_carea' id='block_1_5' title="bbox 1602 2415 1769 2473">
    <p class='ocr_par' dir='ltr' id='par_1_15' title="bbox 1602 2415 1769 2473">
     <span class='ocr_line' id='line_1_30' title="bbox 1602 2415 1769 2473; baseline -0.006 -7"><span class='ocrx_word' id='word_1_163' title='bbox 1602 2415 1731 2466; x_wconf 82' lang='lat' dir='ltr'><strong>libus</strong></span> <span class='ocrx_word' id='word_1_164' title='bbox 1753 2452 1769 2473; x_wconf 82' lang='lat'><em>,</em></span> 
     </span>
    </p>
   </div>
  </div>
 </body>
</html>
