2043 2958
627 207 937 259 Taurus
990 204 1164 255 XIII.
1472 215 1533 260 45

220 298 300 348 ges
329 280 622 349 quandoque
661 284 911 328 varientur
946 280 1169 329 humanae
1187 283 1201 303 ²
1220 296 1235 335 3
1273 275 1373 343 ipse
1409 276 1541 320 enim
1672 292 1694 317 a

217 353 356 401 Deus
378 389 394 410 ,
421 355 470 403 &
489 353 734 402 Dominus
758 390 773 411 ,
808 366 1012 401 aeternus
1036 347 1230 416 Legifer
1260 350 1414 395 noller
1435 379 1451 401 ,
1483 363 1539 392 ex
1563 333 1641 414 ἦρ’·
1656 332 1801 411 Ἰέξᾍίξζ

220 426 282 470 iis
304 459 319 481 ‚
350 443 457 491 quae
493 427 648 472 veteri
679 428 730 471 in
767 423 1073 475 'sestamento
1104 428 1324 469 statuerat
1344 455 1360 475 ‚
1386 416 1541 466 multa
1558 422 1653 486 squ·
1674 426 1716 458 ἐν
1730 423 1801 466 Af·

219 495 528 562 postmodum
562 500 776 544 mutavit
793 499 860 542 *in
880 512 1008 542 novo
1027 529 1038 540 .
1081 492 1284 557 Stylum
1304 494 1466 556 itaque
1494 492 1545 535 in
1559 470 1644 512 fime-

218 566 518 633 quibusdam
540 567 706 617 Curiis
729 565 1066 622 Secularibus,
1093 565 1143 613 ἃ
1172 561 1505 612 Ecclefialticis
1529 596 1543 616 ,

215 637 354 686 nullo
390 658 602 707 unquam
632 645 740 700 jure
777 653 1082 705 praeceptum
1100 671 1117 693 ,
1152 631 1403 684 inolevisse
1432 649 1544 698 per-

216 709 473 774 pendimus
489 746 503 767 ,
543 709 803 774 utJudices
825 746 841 766 ,
877 709 972 759 five
1003 724 1174 756 eorum
1194 704 1389 757 Notarii
1408 739 1424 760 ,
1462 716 1544 751 aut

217 778 400 828 Scribae
414 815 431 836 ,
451 781 602 836 Reos,
621 781 867 827 criminali
890 779 1100 826 facinore
1119 774 1361 824 accusatos
1383 809 1400 830 ,
1428 791 1543 821 exa-

216 853 456 896 minaturi
475 884 491 905 ,
514 856 853 909 juramentum
868 848 928 896 ab
947 850 1023 896 his
1042 843 1465 913 praestarijubeant
1483 843 1542 891 de

221 923 428 969 veritate
448 919 652 967 dicenda
674 957 685 966 .
718 919 844 985 Qia
863 934 1027 968 tamen
1046 914 1109 965 ex
1130 918 1243 972 hoc,
1259 913 1542 981 quotidiana

221 989 358 1038 sicuti
378 990 440 1039 est
459 994 763 1056 experientia
782 1005 1092 1057 compertum
1109 1023 1125 1045 ‚
1154 1005 1244 1036 nec
1262 990 1313 1034 in
1331 982 1455 1033 Fisci
1475 982 1543 1032 fa-

222 1078 395 1108 vorem
410 1096 426 1118 ,
454 1077 540 1106 nec
564 1075 732 1107 contra
755 1059 886 1106 Reos
908 1059 1031 1126 ipsos
1051 1093 1066 1116 ‚
1087 1061 1174 1124 qui
1194 1071 1247 1104 ut
1266 1055 1542 1123 plurimum

219 1146 404 1197 patrata
435 1149 459 1177 a
479 1130 523 1177 se
542 1145 723 1196 negant
742 1128 916 1176 delicia
935 1163 952 1185 ,
980 1129 1205 1176 utilitatis
1224 1125 1412 1193 aliquid
1429 1123 1542 1173 elici

216 1220 314 1249 non
336 1205 589 1266 ignoratur
611 1220 621 1247 :
653 1200 829 1247 adeout
849 1199 1087 1267 peculiari
1107 1201 1160 1246 in
1171 1198 1262 1245 hac
1282 1195 1396 1244 fasti
1422 1213 1541 1242 con-

219 1274 457 1337 tingentia
477 1306 492 1327 ,
523 1271 709 1319 nedum
731 1269 844 1317 talia
865 1271 1094 1336 deinceps
1122 1273 1399 1330 juramenta
1437 1269 1544 1313 exi-

218 1341 367 1407 gendi
404 1341 646 1391 necessitas
696 1361 797 1390 non
831 1341 981 1389 adesse
1009 1339 1247 1408 probetur
1266 1359 1280 1397 3
1315 1340 1419 1385 imo
1451 1355 1542 1404 po-

218 1415 315 1459 tius
338 1448 355 1469 ‚
387 1430 448 1459 ne
483 1412 568 1461 illa
589 1417 786 1480 penitus
821 1417 1116 1478 exigantur,
1150 1411 1273 1458 sacri
1292 1407 1543 1475 ipsajura-

218 1486 375 1530 menti
397 1487 521 1531 ratio
537 1483 742 1550 postulet
759 1518 775 1540 ,
810 1501 862 1529 ac
885 1481 1073 1529 suadeat
1092 1500 1107 1538 ;
1145 1482 1263 1527 hinc
1285 1478 1347 1526 est
1367 1513 1383 1536 ‚
1403 1476 1540 1544 quod

217 1553 319 1600 Nos
340 1588 355 1609 ,
373 1553 644 1601 rationibus
668 1557 902 1618 utrinque
923 1549 1162 1618 perpenfis
1183 1585 1199 1606 ‚
1214 1551 1262 1597 ὃ(
1282 1547 1543 1614 quamplu-

217 1627 352 1670 rium
371 1623 660 1671 inhaerentes
694 1621 955 1687 infignium
984 1619 1334 1671 Tribunalium
1363 1621 1542 1685 praxi,

217 1698 555 1756 juramentum
573 1693 752 1761 ipsum,
767 1710 852 1760 per
870 1692 1023 1748 Reos,
1041 1690 1101 1738 fic
1120 1690 1447 1739 criminaliter
1466 1692 1543 1737 in-

226 1762 422 1829 quifitos
442 1800 460 1821 ,
486 1765 806 1831 praestandum
825 1799 840 1820 ,
872 1762 1094 1811 consulto
1114 1798 1130 1819 ,
1159 1763 1277 1810 dum
1308 1760 1543 1809 uti‘Prin-

230 1834 412 1899 cipales
435 1835 775 1882 tantummodo
790 1834 1165 1888 constituuntur,
1180 1832 1474 1886 tollendum,
1489 1831 1541 1878 ὃς

225 1901 619 1953 submovendum
639 1904 861 1951 ducimus
882 1923 897 1961 3
936 1917 1082 1968 prout
1098 1938 1114 1959 ,
1143 1901 1274 1949 sacro
1293 1905 1439 1949 etiam
1457 1917 1540 1967 ap-

227 1974 464 2041 probante
498 1974 762 2031 Concilio,
794 1972 1016 2040 praesenti
1047 1972 1136 2019 hac
1167 1971 1539 2020 constitutione-2

229 2050 432 2093 omnino
452 2045 671 2094 tollimus
685 2080 702 2102 ‚
721 2063 772 2092 ac
792 2042 1134 2093 submovemus
1155 2062 1166 2089 ε
1188 2061 1278 2091 nec
1295 2048 1539 2103 juramen-

227 2128 336 2163 tum
349 2114 628 2179 hujusmodi
663 2115 906 2164 ullatenus
928 2135 950 2163 a
970 2115 1090 2164 Reis
1106 2112 1284 2162 eisdem
1305 2150 1320 2171 ‚
1355 2112 1441 2162 nisi
1469 2127 1538 2160 ta-

227 2202 343 2235 men
374 2202 429 2235 ut
445 2186 579 2235 testes
607 2186 763 2253 quoad
781 2186 898 2235 alios
930 2189 1269 2234 examinentur
1290 2221 1305 2242 ,
1336 2189 1388 2232 in
1405 2182 1538 2231 futu·

221 2275 333 2305 rum
366 2274 451 2325 per
470 2256 1010 2324 quoscumqueJudices
1030 2291 1046 2313 ‚
1077 2258 1124 2306 ὅ(
1142 2255 1391 2304 Ministros
1412 2290 1429 2312 ,
1447 2251 1535 2301 sub

225 2331 403 2394 quovis
422 2343 669 2396 praetextu
688 2364 705 2387 ,
732 2326 865 2378 causa
881 2364 897 2386 ‚
916 2329 964 2381 ὃς
981 2326 1175 2395 quaefito
1207 2327 1368 2376 colore
1388 2324 1533 2374 volu-

1387 2413 1494 2444 mus
1515 2429 1533 2452 ‚
