2043 2958
598 243 661 274 AD
683 225 964 276 CoNcitruM
985 223 1242 276 Rommum
1262 263 1273 275 .
1496 249 1515 278 1
1530 250 1593 293 37

281 297 534 350 Regularibus
547 323 560 343 ‚
588 296 627 336 ὃ(
647 297 729 343 illi,
745 296 808 346 qui
823 297 861 334 in
873 296 1056 343 ejusmodi
1072 299 1253 337 concursu
1265 298 1447 349 probatus
1463 328 1475 347 ,
1504 315 1592 341 ma-

281 351 411 401 gisque
439 351 600 388 idoneus
644 349 888 388 renunciatus
913 350 1027 387 fuerit
1059 376 1071 395 ‚
1110 349 1316 389 Praebenda
1342 353 1565 393 conferatur
1581 384 1590 393 .

282 403 449 451 Qoties
463 412 594 440 autern
626 401 836 441 Praebendae
849 401 1006 439 collatio
1033 400 1081 439 ad
1096 402 1278 442 Sanctam
1293 404 1432 443 Sedem
1448 405 1590 457 spectaa

280 454 337 492 bit
353 482 365 500 ,
397 453 599 504 Episcopus
613 453 661 491 ad
678 454 897 492 Romanum
911 452 1140 492 Pontificem
1157 467 1225 504 pro
1240 464 1412 505 tempore
1427 457 1593 496 existen-

280 514 364 544 tem
388 506 472 544 acta
497 505 699 545 concursus
722 506 982 544 transmittere
998 514 1176 544 teneatur
1193 533 1205 552 ,
1233 516 1274 545 ut
1295 507 1371 557 ipse
1386 520 1593 550 vacantem

285 557 532 598 Praebendam
557 557 614 596 illi
633 557 840 607 assignare,
869 568 983 606 atque
999 558 1174 596 conferre
1191 557 1301 608 poffit
1315 586 1328 605 ‚
1357 573 1471 610 quem
1487 571 1594 601 cete-

288 610 338 649 ris
353 609 570 658 digniorem
587 637 598 654 ,
626 610 665 649 &
680 610 803 659 magis
818 607 1001 647 idoneum
1014 610 1055 647 in
1067 610 1243 648 Domino
1256 611 1488 656 judicaverit
1504 641 1515 651 .

391 661 510 709 Qud
528 662 553 699 fi
570 659 773 711 Episcopus
794 663 921 710 primo
935 672 1161 700 vacaturam
1179 663 1431 703 Praebendam
1459 674 1596 705 contra

284 712 455 750 formam
481 715 519 751 in
535 713 703 764 praesenti
718 714 1006 752 Constitutione
1032 714 1285 763 praescriptam
1305 716 1484 755 conferre
1498 730 1596 767 prae-

284 763 484 812 sumpserit
502 765 595 812 ‚lvel
623 767 743 803 etiam
767 769 803 804 in
831 763 916 804 aliis
931 764 1224 804 occurrentibus
1251 767 1394 805 cafibus
1415 768 1596 807 eamdem

282 817 452 853 formam
466 817 670 854 observare
688 818 901 864 neglexerit
916 831 930 856 ‚-
957 815 1060 854 illius
1082 815 1269 859 collatio,
1292 827 1407 867 atque
1429 820 1598 867 provifio

284 867 364 916 ipso
373 868 455 911 jure
471 868 576 905 nulla
588 893 601 912 ,
628 866 665 904 δέ
683 865 794 905 irrita
807 894 818 912 ‚
847 867 1058 915 nulliusque
1070 867 1218 916 prorsus
1229 867 1376 906 roboris
1394 897 1406 915 ‚
1428 872 1491 908 vel
1508 883 1597 908 mo-

283 920 411 957 menti
441 919 509 964 fit,
533 930 576 958 ac
601 916 673 956 effe
703 918 867 963 debeat,
893 917 1134 968 ejusdemque
1161 917 1372 958 Praebendae
1401 921 1598 971 dispositio

284 969 413 1008 statim
431 970 661 1008 devolvatur
672 997 684 1015 ‚
702 971 738 1008 Sc
754 971 944 1019 pertineat
959 971 1007 1007 ad
1020 972 1203 1008 Sanctam
1217 970 1356 1010 Sedem
1374 999 1386 1017 ‚
1401 974 1439 1012 ὃς
1453 973 1599 1012 Rome.-

286 1032 380 1059 num
394 1020 625 1059 Pontificem
648 1034 715 1070 pro
729 1030 903 1069 tempore
918 1022 1166 1067 existentem,
1194 1022 1216 1059 a
1241 1034 1317 1071 quo
1341 1024 1504 1063 Dostori
1526 1024 1597 1063 inu

286 1072 402 1110 Sacra
417 1071 632 1121 Theclogia
649 1072 865 1110 censeretur
880 1098 890 1108 .

393 1125 580 1164 Ceterum
598 1153 609 1170 ,
635 1134 677 1163 ut
692 1124 834 1163 fruetus
850 1151 862 1168 ,
875 1136 988 1173 quem
1001 1124 1233 1165 Tridentina
1247 1127 1426 1176 Synodus
1437 1141 1485 1168 ex
1498 1129 1597 1168 Prae-

289 1176 422 1215 bendae
437 1175 690 1226 Theologalis
702 1175 942 1213 institutione
956 1184 1178 1226 perceptum
1192 1177 1239 1214 iri
1251 1178 1415 1227 speravit
1428 1207 1441 1225 ,
1466 1181 1599 1219 omni-

291 1241 343 1267 no
359 1241 398 1266 re
411 1226 490 1277 ipsa
504 1254 514 1272 ‚
540 1227 577 1265 Sc
590 1239 677 1265 cum
701 1224 836 1264 effec‘tu
859 1228 1113 1276 percipiatur,
1142 1229 1321 1267 volumus
1339 1257 1352 1276 ,
1371 1232 1572 1270 statuimus
1585 1259 1597 1275 ‚

290 1280 330 1318 δέ
355 1279 610 1325 mandamuS‚
641 1277 796 1317 tertiam
812 1287 959 1328 partem
976 1287 1231 1328 proventuum
1259 1279 1367 1319 dicstae
1387 1282 1598 1322 Praebendae

291 1331 546 1380 Theologalis
576 1331 623 1369 ab
641 1331 825 1380 Episcopo
847 1331 1018 1370 distribui
1035 1359 1048 1376 ‚
1073 1330 1510 1381 &proportionabiliter
1528 1348 1598 1386 ap-

289 1383 424 1433 plicari
439 1382 591 1432 lingulis
606 1383 852 1421 Lectionibus
869 1384 989 1421 Sacrae
1003 1383 1294 1432 Scripturae,quae
1309 1386 1331 1422 a
1347 1386 1601 1425 Praebendato

290 1434 512 1484 praescriptis
531 1432 666 1473 diebus
681 1462 692 1480 ,
716 1434 751 1473 ἃ
767 1435 870 1473 horis
881 1435 1000 1473 totius
1013 1436 1101 1473 anni
1116 1435 1299 1472 habendae
1311 1446 1421 1475 erunt
1434 1465 1447 1483 ,
1459 1438 1557 1477 itaut
1571 1439 1600 1477 fi

293 1486 565 1525 Praebendatus
591 1485 786 1525 universas
815 1487 1001 1525 lectiones
1027 1486 1232 1532 habuerit,
1257 1486 1463 1537 affignatas
1476 1490 1601 1529 distri-

291 1538 472 1576 butiones
495 1538 668 1587 integras
693 1538 828 1587 absque
846 1538 923 1576 ulla
948 1539 1094 1587 prorsus
1110 1537 1373 1594 diminutione
1388 1542 1598 1591 consequa-

292 1598 384 1629 turs
414 1589 453 1627 Si
482 1590 575 1627 vero
601 1590 639 1626 in
662 1589 816 1639 aliqua,
847 1591 909 1629 vel
936 1588 1104 1638 pluribus
1132 1588 1362 1628 lectionibus
1384 1592 1597 1640 defecerit,

291 1640 581 1679 distributiones
596 1641 783 1693 negledtis
796 1642 1024 1680 lectionibus
1036 1641 1307 1690 respondentes
1323 1643 1483 1683 amittat
1493 1672 1506 1691 ‚
1518 1658 1597 1694 quae

290 1692 330 1730 in
357 1692 537 1730 Sacristiae
563 1691 734 1732 Ecclefiae
759 1692 989 1732 beneficium
1005 1692 1171 1738 cedant,
1199 1705 1243 1732 ac
1260 1704 1467 1743 erogentur
1483 1725 1492 1734 .
1523 1698 1597 1736 In,

291 1744 377 1781 casu
402 1753 533 1783 autem
546 1746 738 1793 gravioris
759 1747 1010 1783 contumaciae
1024 1744 1264 1782 Praebendati
1279 1745 1396 1784 liceat
1413 1749 1599 1799 Episcopo

291 1794 473 1844 deputare
489 1795 606 1833 alium
619 1797 865 1845 Theologum
880 1795 1128 1834 Sacerdotem
1145 1796 1379 1842 secularem,
1393 1801 1456 1838 vel
1470 1799 1601 1852 Regu-

292 1846 415 1884 larem
429 1873 441 1890 ‚
458 1845 522 1895 qui
537 1844 679 1894 jugiter
690 1847 896 1896 supplendo
911 1847 1077 1892 ejusdem
1093 1846 1332 1886 Praebendati
1347 1850 1451 1890 vices
1464 1878 1477 1897 ,
1505 1863 1599 1899 prae-

291 1897 380 1937 fatis
396 1895 727 1936 distributionibus
741 1897 934 1948 potiatur.
960 1917 964 1920 ·

398 1949 600 1998 Qoniam
627 1951 719 1987 vero
742 1952 920 1989 nonnulli
946 1949 1143 2001 Episcopi,
1173 1952 1267 1990 ficut
1288 1954 1529 2004 accepimus,
1557 1966 1599 1996 ut

292 2001 449 2050 propria:
464 2001 615 2039 incuriae
636 2002 790 2051 aliquod
806 2005 986 2042 velamen
1002 2003 1218 2042 obtendant
1230 2030 1242 2049 ,
1257 2003 1382 2043 dilatae
1399 2009 1600 2048 erectionis

291 2051 477 2096 ejusmodi
494 2052 703 2091 Praebendae
716 2054 967 2107 Theologalis
981 2055 1133 2094 causam
1152 2055 1190 2092 in
1205 2064 1436 2097 tenuitatem
1449 2087 1461 2106 ‚
1482 2072 1525 2098 ac
1540 2063 1601 2100 in-

292 2103 565 2143 sufficientiam
589 2105 880 2145 Praebendarum
908 2108 1056 2146 suarum
1082 2107 1334 2147 Ecclefiarum
1364 2112 1520 2156 rejicere
1541 2114 1600 2151 so-

293 2155 375 2194 lent
388 2171 403 2197 ,·
431 2156 514 2194 Nos
529 2169 685 2195 omnem
703 2157 749 2197 de
762 2167 892 2197 cetero
912 2169 1134 2209 praetextum
1151 2188 1163 2206 ‚
1188 2160 1264 2200 five
1277 2162 1564 2204 excusationem
1580 2167 1600 2204 ὲ

293 2208 427 2246 medio
451 2209 590 2246 tollere
604 2237 614 2253 ‚
642 2221 685 2247 ac
700 2210 851 2259 penitus
864 2211 1067 2252 eliminare
1083 2212 1281 2259 volentes,
1304 2214 1446 2262 Motu,
1475 2217 1599 2257 scien-

293 2258 349 2296 tia
365 2287 377 2304 ,
405 2271 449 2298 ac
477 2262 672 2309 potestatis
697 2262 933 2311 plenitudine
959 2264 1144 2304 similibus
1169 2264 1414 2307 decernimus
1431 2297 1442 2315 ‚
1467 2271 1599 2310 statui-

293 2322 380 2348 mus
401 2337 413 2356 ,
445 2321 558 2361 atque
587 2312 848 2364 praecipimus,
873 2317 973 2366 quod
1004 2317 1065 2355 ubi
1090 2317 1294 2357 Praebenda
1319 2318 1597 2372 Theologalis‚

294 2364 532 2412 computatis
558 2366 678 2406 etiam
701 2365 1029 2410 distributionibus
1056 2369 1289 2420 quotidianis
1304 2399 1317 2419 ,
1336 2371 1384 2411 ad
1398 2385 1596 2415 annuum„

1085 2422 1108 2459 S
1460 2427 1595 2468 saltem

1624 681 1767 713 Collatio
1780 684 1818 715 ab
1830 687 1903 726 Epi.

1623 721 1725 763 scopis
1757 736 1904 761 contra..

1623 765 1718 803 hujus
1739 768 1832 799 ssultae
1853 772 1903 799 di-

1624 805 1826 844 spositionem
1856 812 1901 843 fa-

1625 848 1677 878 tsta
1693 872 1703 885 ,
1734 850 1822 883 irrita
1845 854 1901 885 de-

1625 892 1765 922 cernitur
1787 916 1797 930 ,
1830 906 1903 926 cum

1626 932 1833 967 devolutione
1861 939 1903 969 ad

1625 975 1655 1004 S.
1671 976 1784 1008 sedem
1798 999 1807 1009 .

1646 1161 1823 1203 Affignatio
1839 1165 1904 1196 fru-

1626 1202 1735 1236 tstuum
1760 1207 1903 1237 Praeben-

1625 1245 1716 1283 dato,
1731 1249 1786 1288 qui
1802 1249 1906 1279 Sacri-

1625 1287 1686 1318 stiae
1703 1291 1906 1328 applicantur

1627 1328 1661 1359 in
1693 1330 1763 1360 casu
1793 1332 1904 1371 negle-

1628 1370 1698 1403 αξξυς
1711 1372 1803 1404 officii
1821 1396 1830 1403 .

1668 1981 1816 2014 Facultas
1847 1985 1903 2015 tri-

1627 2024 1734 2055 buitur
1744 2025 1904 2066 Episcopis

1627 2068 1768 2106 quaedam
1780 2068 1906 2099 Benefi-

1627 2108 1674 2139 cia
1688 2110 1844 2147 uniendi,
1865 2111 1907 2140 ad

1628 2149 1783 2182 summam
1808 2141 1910 2193 usque'

1627 2192 1786 2226 scutorum
1797 2199 1849 2228 60.
