2043 2958
439 247 539 292 204
903 229 1346 277 Appianum·

436 301 636 352 personam
653 327 664 346 ‚
689 300 729 340 δε
755 299 858 338 intra
886 297 1020 338 debita
1044 307 1220 350 tempora
1250 299 1358 338 fuiffe
1386 297 1648 348 interpositam
1667 327 1678 346 ,
1707 311 1752 340 ac

437 353 708 403 prosequutam
723 381 732 390 .

488 404 558 444 IV.
613 403 697 442 Nec
713 431 723 449 ,
737 403 831 443 dum
845 404 955 443 causa
969 414 1104 443 coram
1122 404 1370 443 inferioribus
1382 401 1579 451 Judicibus
1600 403 1752 451 pendet,

437 464 528 494 ante
543 454 786 494 definitivam
814 455 1048 494 sententiam
1062 484 1073 501 ,
1100 458 1163 494 vel
1193 457 1275 494 vim
1290 454 1496 493 definitivae
1521 454 1727 493 habentem
1743 483 1754 501 ‚

438 507 487 545 de
501 507 728 556 gravamine
740 508 852 546 illato
867 509 1089 556 Superiores
1105 509 1336 558 cognoscere
1358 507 1511 545 valeant
1526 533 1538 550 ,
1550 505 1640 543 licet
1656 507 1755 544 citra

438 559 697 607 praejudicium
724 560 851 598 cursus
866 559 1078 598 Causarum
1108 560 1143 596 se
1164 560 1200 597 id
1218 560 1344 598 facere
1370 559 1628 596 contestentur
1644 572 1659 598 ,ς
1688 571 1755 596 nec

439 610 489 647 ad
506 612 606 649 hunc
631 610 810 648 effectum
834 612 954 649 liceat
979 611 1033 648 eis
1049 611 1222 649 inhibere
1236 639 1247 656 ,
1279 620 1343 649 aut
1359 609 1581 658 simpliciter
1597 610 1758 647 manda—

439 673 480 699 re
496 689 506 706 ,
534 670 573 699 ut
593 660 679 710 ipfis
700 663 811 712 copia
830 659 1016 713 procefl’us
1031 662 1341 709 transmittatur,
1356 661 1474 699 etiam
1489 660 1657 710 expensis
1673 661 1759 711 Ap·

439 714 624 761 pellantis
636 743 646 753 .

491 766 542 804 V.
559 766 564 769 ’
597 766 852 807 inhibitiones
871 769 951 818 post
968 767 1269 819 appellationem
1283 795 1294 815 ,
1307 768 1399 807 ficut
1415 765 1682 818 praemittitur,
1698 778 1759 804 re-

440 826 694 866 ceptam,non
711 820 987 866 concedantur,
1003 821 1070 858 nifi
1082 833 1169 859 cum
1187 820 1434 867 inscriptione
1450 819 1595 857 tenoris
1608 818 1760 856 senten-

439 870 502 907 tiae
520 897 531 914 ,
559 879 624 908 aut
641 870 788 909 decreti
814 871 1005 909 definitivi
1021 899 1033 916 ‚
1061 881 1125 909 aut
1142 873 1222 910 vim
1240 871 1450 909 definitivae
1465 870 1642 908 habentis
1657 897 1668 914 ‚
1697 870 1759 907 vel

438 920 641 967 damnum,
661 934 725 971 per
740 921 984 960 definitivam
1001 922 1261 970 irreparabile,
1275 922 1511 960 continentis
1523 937 1537 962 ,-
1551 921 1643 958 alias
1657 921 1760 958 inhi-

438 972 607 1011 bitiones
625 1002 635 1018 ‚
665 976 703 1013 ὃ(
719 972 903 1022 procefl'us
920 1001 932 1018 ,
946 973 984 1012 &
1007 972 1099 1011 inde
1114 974 1272 1023 sequuta
1295 984 1542 1022 quaecumque
1558 999 1571 1017 ‚
1592 973 1664 1009 siut
1681 972 1759 1020 ipso

435 1025 518 1068 jure
542 1025 645 1062 nulla
661 1050 673 1068 ‚
695 1025 818 1071 eisque
834 1025 990 1070 impune
1005 1036 1081 1059 non
1096 1036 1228 1070 parere
1245 1023 1361 1060 liceat
1379 1052 1388 1060 .

491 1074 558 1111 Vi.
617 1075 654 1112 Si
668 1074 879 1122 Appellans
892 1070 1257 1118 aflerat,sententiae,
1271 1083 1336 1112 aut
1348 1073 1615 1124 appellationis
1627 1086 1757 1112 exem-

437 1126 559 1174 plum,
575 1124 840 1174 culpaJudicis
853 1125 874 1163 a
888 1137 978 1173 (1110,
999 1124 1063 1162 vel
1077 1124 1269 1170 Acstuarii,
1282 1127 1422 1164 habere
1439 1138 1514 1163 non
1530 1124 1628 1175 poss'e
1642 1154 1651 1170 ‚
1678 1138 1756 1164 non

437 1176 528 1214 ideo
543 1176 762 1226 recipienda
777 1178 849 1214 erit
864 1177 1072 1226 appellatio
1088 1204 1099 1222 ,
1126 1187 1191 1215 aut
1204 1178 1333 1225 aliqua
1346 1177 1527 1216 inhibitio
1541 1178 1757 1216 conceden-

437 1228 486 1265 da
500 1243 515 1269 3
544 1229 605 1266 sed
618 1229 671 1266 eis
684 1231 838 1267 tantum
853 1255 864 1273 ,
890 1227 938 1266 ad
954 1240 1050 1278 quos
1063 1229 1230 1277 pertinet
1245 1257 1256 1274 ,
1270 1229 1419 1280 injungi
1433 1227 1576 1279 poterit
1590 1256 1602 1274 ,
1629 1237 1683 1274 ut,
1699 1229 1757 1267 so-

436 1280 519 1318 luta
544 1279 740 1329 condigna
768 1279 948 1318 mercede
963 1282 1156 1317 Ac'torum
1171 1307 1183 1325 ‚
1214 1283 1434 1330 exemplum
1460 1279 1754 1319 authenticum-2

435 1332 664 1380 Appellanti
699 1331 801 1369 intra
827 1331 987 1369 brevem
1026 1332 1194 1380 aliquem
1223 1342 1514 1380 competentem
1542 1333 1755 1371 terminum

439 1383 614 1421 tradatur
627 1411 635 1419 .
664 1382 816 1421 Caveat
831 1391 962 1420 tamen
974 1385 993 1432 J
1004 1383 1101 1420 udex
1115 1383 1137 1420 a
1150 1395 1225 1431 quo
1240 1410 1251 1428 ,
1279 1395 1324 1420 ne
1339 1414 1350 1428 ‚
1364 1385 1390 1421 fi
1408 1384 1498 1422 vere
1516 1384 1750 1433 appellatum

435 1433 552 1471 fuerit
575 1434 613 1471 in
627 1436 713 1471 casu
728 1433 948 1482 appellabili
963 1459 974 1477 ‚
1005 1432 1163 1471 interim
1179 1432 1326 1482 aliquid
1341 1435 1379 1472 in
1395 1435 1650 1483 praejudicium
1666 1438 1753 1485 Ap-²

436 1486 618 1535 pellantis
634 1492 820 1524 attentets
833 1487 872 1523 δέ
890 1485 916 1522 si
932 1496 996 1533 per
1009 1486 1138 1522 arium
1152 1485 1431 1534 publicum,aut
1447 1499 1510 1534 per
1524 1489 1671 1525 testium
1683 1487 1751 1525 de-

435 1536 667 1584 positionem
683 1536 1017 1581 constiterinAeta
1030 1536 1555 1586 denegariAppellanti,ttinc
1567 1539 1752 1576 mandato

438 1589 620 1627 tradendi
635 1589 737 1626 Aeta
751 1586 993 1636 poffitJudex
1017 1589 1287 1636 appellationis
1311 1587 1475 1635 adjicere
1489 1616 1501 1634 ,
1523 1602 1570 1629 ne
1593 1588 1750 1631 interim

438 1639 586 1688 aliquid
601 1640 692 1678 novi
703 1647 838 1675 contra
854 1638 1128 1688 Appellantem
1145 1647 1363 1678 attentetur
1378 1667 1387 1677 .

490 1691 578 1730 VII.
633 1691 698 1728 Ab
724 1689 979 1737 exequutione
1005 1689 1261 1728 Decretorum
1289 1691 1376 1729 Sac.
1392 1691 1565 1731 concilii
1581 1693 1750 1733 Triden—

441 1737 531 1787 tini,
547 1751 612 1780 aut
628 1740 872 1781 Vifitationis
887 1741 1132 1788 Apostolicae,
1146 1743 1423 1791 appellationes
1441 1747 1463 1782 a
1476 1744 1754 1794 Metropolita-

439 1793 501 1831 nis
516 1806 592 1833 non
609 1793 842 1841 recipiantur
857 1820 868 1838 ‚
883 1803 952 1829 nec
969 1792 994 1829 fi
1007 1792 1178 1841 Episcopi
1190 1793 1333 1831 virtute
1345 1793 1508 1837 ejusdem
1524 1796 1626 1833 Sacri
1639 1797 1750 1836 Con-

439 1844 520 1882 cilii
536 1844 749 1895 procedunt
762 1871 774 1888 ‚
797 1842 970 1881 utiSedis
984 1844 1214 1892 Apostolicae
1228 1845 1410 1895 Delegati
1436 1847 1475 1883 in
1492 1846 1642 1893 Cauiis,
1670 1861 1750 1896 quae

439 1895 504 1933 sub
522 1909 655 1935 eorum
665 1895 928 1942 jurisdiftione
945 1893 1155 1934 Ordinaria
1169 1908 1246 1934 non
1260 1898 1638 1946 comprehenduntur
1654 1915 1667 1941 ,-
1682 1900 1751 1938 sal-

437 1959 488 1985 va
516 1958 647 1987 tamen
665 1950 705 1986 in
719 1951 793 1986 hoc
808 1947 895 1986 casu
907 1947 1146 1998 Legatorum
1161 1976 1174 1996 ,
1198 1947 1236 1987 δε
1251 1947 1489 1989 Nuntiorum
1506 1949 1749 2001 Apostolico-

436 2010 523 2037 rum
539 2000 778 2039 authoritate
794 2027 803 2035 .

491 2050 600 2089 VIII.
655 2051 699 2088 In
713 2050 846 2089 Caufis
859 2051 954 2088 vero
971 2050 1215 2091 Vifitationis
1229 2053 1531 2094 Ordinariorum
1545 2084 1556 2102 ‚
1579 2065 1643 2096 aut
1658 2068 1742 2095 cor-

435 2102 616 2140 rectionis
629 2114 781 2140 morum
797 2128 809 2146 ,
826 2101 951 2150 quoad
965 2102 1142 2142 effecffum
1158 2105 1428 2145 devolutivum
1443 2112 1596 2146 tantum
1609 2109 1749 2147 admit-

435 2161 567 2190 tantur
580 2180 591 2198 ,
603 2154 670 2190 nisi
686 2153 731 2191 de
744 2155 1056 2204 gravamine,per
1068 2155 1312 2196 definitivam
1331 2157 1744 2210 ir1·eparabili‚agatur;

435 2204 501 2242 vel
524 2216 611 2261 cum
622 2205 807 2243 Vifitator
820 2232 830 2249 ‚
845 2206 964 2243 citata
975 2206 1085 2245 Parte
1103 2234 1113 2251 ‚
1128 2210 1165 2248 &
1180 2209 1352 2248 adhibita
1366 2211 1496 2250 Causte
1509 2212 1745 2258 cognitione,

436 2254 669 2301 judicialiter
683 2256 853 2306 procedit
870 2271 885 2297 ,·
907 2267 998 2297 tunc
1012 2260 1116 2299 enim
1131 2262 1381 2310 appellationi
1398 2263 1502 2300 locus
1517 2264 1589 2300 erit
1603 2289 1615 2308 ‚
1627 2263 1748 2301 etiam

440 2307 566 2355 quoad
581 2306 759 2346 effectum
774 2308 1025 2357 suspensivum
1043 2338 1053 2348 .

490 2356 561 2396 IX.
618 2357 722 2400 Cum
750 2360 771 2405 ἐι
794 2362 1024 2410 gravamine
1041 2388 1054 2409 ‚
1078 2364 1181 2413 quod
1208 2376 1275 2414 per
1302 2364 1552 2405 definitivam
1578 2367 1743 2415 reparari

1589 2426 1745 2467 nequit,
