2043 2958
187 295 310 335 quta
326 295 433 326 Fune-

157 336 231 366 ralis
256 348 273 367 a
287 338 434 376 Regula-

155 379 239 408 rilms
254 378 433 418 persolven-

153 422 193 449 da
209 420 355 451 Parochis
370 420 432 452 lta·

154 461 433 497 liae‚&1nsi:laium

152 503 369 543 adjacentium
380 525 391 536 .

195 762 244 791 De
280 762 397 803 quibus
420 784 431 799 ,

151 803 297 841 quando,
311 805 342 835 ὅς
356 815 435 845 quo·

150 846 274 875 modo?

191 1544 356 1576 Missurum
381 1545 429 1575 le-

148 1596 225 1627 gata
239 1611 248 1624 ‚
265 1586 373 1628 hisque
388 1587 426 1616 si-

151 1629 239 1659 milia
275 1629 326 1667 pia
358 1629 431 1659 reli-

151 1670 203 1701 csta
228 1694 238 1707 ,
280 1669 336 1701 sub
373 1672 433 1701 hac

150 1713 351 1752 olffigatione
366 1723 433 1742 non

151 1756 433 1795 comprehendun-

151 1805 201 1826 tur
219 1819 228 1827 .

192 2074 433 2106 Favorabniora

155 2118 370 2148 Parochorum
388 2119 434 2156 ju·

152 2169 186 2189 ra
200 2158 432 2199 pre-servantur.

469 234 565 278 154
931 217 1302 265 APPENDIX

462 288 532 326 bus
548 287 760 332 sancimus,
784 287 982 327 statuimus
999 316 1011 334 ,
1042 288 1080 326 ὃς
1096 287 1347 333 mandamus,
1371 294 1411 325 ut
1436 285 1474 324 in
1500 287 1637 338 Italia,
1667 293 1779 342 eique

461 340 722 386 adjacentibus
740 339 900 386 Infulis,
934 351 956 378 a
980 341 1043 380 die
1073 340 1349 390 publicationis
1375 339 1562 387 praesentis
1575 343 1775 383 Constitu-

462 392 578 431 tionis
591 392 629 430 in
644 394 817 431 futurum
836 394 1019 432 Parochis
1033 392 1318 432 Defunc⁰torum
1333 419 1344 436 ,
1361 392 1422 441 qui
1439 390 1477 429 in
1497 392 1668 433 Ecclefiis
1680 409 1778 445 quo-

461 456 711 494 rumcumque
728 444 978 494 Regularium
1005 445 1270 495 praediciorum
1291 444 1586 483 tumulabuntur
1600 472 1611 490 ‚
1636 449 1777 495 persol-

461 506 574 535 vatur
587 525 598 542 ‚
626 499 664 538 ὃί
687 508 775 536 cum
790 497 927 536 effectu
951 498 1129 537 tradatur
1144 497 1298 546 Qarta
1311 496 1403 534 Pars
1419 498 1598 535 omnium
1613 497 1774 538 Intorti-

459 549 610 588 ciorum
624 577 638 595 ‚
657 552 695 590 δέ
709 548 973 588 Candelarum
988 577 999 594 ,
1019 550 1154 599 quibus
1169 549 1354 588 Defundti
1367 548 1545 587 Cadaver
1569 550 1609 587 in
1636 550 1774 589 itinere

460 600 510 638 ad
539 602 751 640 Ecclesiam
782 604 1047 640 tumulantem
1075 602 1349 646 associabitur,
1379 612 1537 639 necnon
1567 603 1772 641 omnium-2

460 652 754 692 intorticiorum
768 680 781 699 ‚
809 653 1152 699 &Candelarum,
1179 665 1259 703 quae
1281 653 1321 691 in
1335 652 1472 691 eadem
1489 653 1654 691 Ecclesia
1666 655 1769 693 circa

460 705 639 744 Cadaver
653 734 664 751 ‚
690 704 752 746 vel
777 707 896 744 etiam
919 707 956 744 in
969 705 1173 744 Altaribus
1196 707 1233 744 in
1247 704 1310 744 die
1324 705 1469 744 funeris
1488 704 1746 746 accendentur
1759 735 1769 743 .

462 758 501 795 A
524 757 701 808 praeclidta
717 766 847 796 tamen
867 759 1018 807 Quarta
1034 758 1212 797 Funerali
1234 767 1398 807 exceptae
1413 758 1680 807 intelligantur
1694 787 1705 804 ‚
1735 759 1774 798 δί.

462 810 535 848 fint
550 809 731 848 Candelae
745 837 756 856 ,
779 823 871 859 quas
883 810 1107 850 Sacerdotes
1121 838 1133 856 ,
1157 814 1279 849 etiam
1291 811 1499 858 Regulares
1517 838 1528 855 ‚
1541 811 1602 848 vel
1621 811 1772 858 piarum

461 861 717 900 Sodalitatum
748 863 979 901 Confratres
1005 863 1120 900 funus
1149 862 1374 899 associantes
1401 888 1412 904 ‚
1446 861 1681 900 manualiter
1709 873 1775 910 per

461 913 566 952 viam
580 913 758 952 accensas
769 913 943 952 deferent
956 941 966 952 .
998 913 1116 962 Quod
1134 914 1159 951 fi
1171 913 1283 951 funus
1300 925 1375 950 non
1388 912 1499 951 fieret
1518 913 1553 950 in
1569 913 1631 951 die
1645 922 1778 952 tumu-

460 965 619 1003 lationis
635 993 646 1010 ‚
669 964 729 1003 sed
757 965 804 1002 ad
819 965 1008 1003 diversam
1024 966 1127 1002 diem
1141 991 1152 1008 ‚
1179 966 1239 1002 vel
1268 962 1433 1002 adalind
1456 965 1611 1013 longius
1628 972 1777 1013 tempus

459 1015 677 1054 differretur
702 1042 715 1060 ‚
754 1015 934 1053 Parocho
965 1016 1219 1053 nihilominus
1257 1014 1467 1064 assignetur
1503 1015 1654 1062 (Qarta
1686 1016 1777 1054 Pars

459 1068 637 1104 omnium
652 1066 953 1106 intorticiorum
966 1094 977 1113 ,
1001 1067 1040 1105 δε
1055 1065 1320 1104 Candelarum
1339 1092 1350 1110 ‚
1367 1078 1446 1116 quae
1462 1065 1622 1114 ipsamet
1636 1068 1777 1115 peracti

457 1119 603 1157 funeris
617 1118 679 1157 die
703 1119 741 1156 in
759 1118 926 1158 Ecclesia
943 1145 954 1163 ‚
968 1118 1032 1156 ubi
1044 1116 1259 1156 Defuneius
1272 1119 1453 1156 humatus
1468 1116 1557 1162 fuit,
1571 1117 1671 1156 circa
1687 1118 1783 1157 Coe-

459 1171 688 1220 notaphium
704 1198 715 1215 ‚
737 1171 800 1209 seu
811 1172 1008 1209 tumulum
1025 1170 1277 1208 honorarium
1294 1196 1305 1214 ‚
1326 1178 1443 1217 atque
1460 1169 1580 1207 eti⁶m
1609 1170 1645 1206 in
1662 1169 1782 1208 Alta-

460 1224 563 1260 ribus
589 1222 757 1267 ejusdem
769 1223 943 1261 Ecclefiae
962 1251 974 1269 ‚
1002 1222 1160 1260 accensa
1181 1221 1348 1260 fuerint.
1378 1221 1471 1259 Haec
1487 1225 1602 1269 porro
1616 1223 1781 1260 omnia.)

458 1277 588 1312 locum
606 1276 774 1312 habeant
789 1301 800 1319 ‚
828 1275 866 1313 Sc
892 1274 1022 1312 exacte
1052 1273 1091 1311 in
1109 1275 1300 1323 posterum
1319 1272 1569 1310 observentur
1582 1300 1594 1318 ‚
1613 1274 1785 1323 quoties-

458 1338 623 1375 cumque
639 1327 851 1364 Defuncius
877 1335 985 1365 extra
1007 1325 1110 1363 suam
1129 1323 1398 1364 Parochialem
1411 1324 1621 1362 Ecclefiam
1652 1333 1783 1364 tumu-

457 1378 585 1422 letus,
613 1379 673 1416 vel
698 1386 936 1426 exponatur,
962 1378 1042 1416 sive
1070 1377 1159 1426 quia
1185 1378 1222 1414 in
1246 1377 1413 1415 Ecclesia
1438 1377 1655 1415 tumulante
1675 1405 1686 1421 ‚
1718 1378 1783 1415 vel

458 1438 675 1479 exponente
702 1429 941 1467 Beneficium
969 1428 1183 1466 obtinuerit
1211 1457 1223 1475 ‚
1259 1429 1335 1466 sive
1361 1428 1450 1476 quia
1473 1426 1622 1466 ibidem
1648 1429 1784 1477 Sepul-

458 1483 594 1519 chrum
617 1481 793 1520 habnerit
820 1481 1062 1531 gentilitium
1077 1507 1090 1526 ‚
1115 1480 1366 1519 sivetandem
1389 1478 1480 1528 quia
1496 1480 1532 1516 in
1548 1491 1591 1516 ea
1602 1480 1782 1530 Sepultu-

460 1545 545 1571 ram
574 1535 758 1583 elegerit.
788 1533 977 1571 Ceterum
1003 1532 1067 1570 sub
1089 1531 1268 1582 praedie'ia
1286 1531 1439 1580 Qarta
1458 1530 1639 1569 Funerali
1669 1543 1779 1569 com-

459 1585 646 1634 prehendi
665 1598 741 1622 non
760 1584 1014 1628 intendimus,
1028 1584 1110 1622 imo
1124 1584 1292 1634 expresse
1307 1584 1355 1621 ab
1369 1594 1413 1621 ea
1428 1583 1640 1632 excipimus
1658 1582 1786 1633 legata

460 1634 661 1675 Miss‘arum
675 1663 687 1681 ,
713 1635 752 1673 &
765 1636 1133 1674 Anniversariorum
1149 1662 1161 1680 ,
1188 1635 1318 1684 hisque
1334 1635 1471 1672 similia
1497 1634 1559 1683 pia
1585 1632 1721 1673 relidta
1735 1635 1786 1673 ad

459 1688 634 1727 favorem
660 1688 832 1726 Ecclefiae
857 1687 1088 1726 tumulantis
1105 1714 1116 1732 ‚
1141 1688 1202 1725 vel
1232 1686 1458 1734 exponentis
1477 1697 1497 1723 a
1511 1685 1708 1723 Defuncto
1723 1686 1784 1724 di-

460 1740 596 1788 spofita
611 1755 627 1781 5
656 1740 772 1779 Circa
785 1751 864 1789 quae
879 1767 891 1784 ‚
917 1751 961 1777 ac
976 1739 1107 1777 omnia
1122 1765 1134 1784 ‚
1157 1739 1197 1777 &
1210 1738 1357 1786 singula
1374 1737 1454 1775 alia
1470 1765 1482 1782 ‚
1509 1736 1556 1774 de
1574 1737 1711 1785 quibus
1740 1738 1781 1776 in

459 1792 631 1840 praesenti
650 1791 940 1831 Constitutione
957 1791 1107 1829 mentio
1130 1789 1230 1828 facia
1247 1802 1322 1828 non
1338 1789 1410 1826 fuit
1424 1815 1437 1833 ‚
1461 1787 1670 1837 Privilegia
1693 1801 1786 1838 prae-

460 1844 571 1881 dietis
587 1843 839 1894 Regularibus
853 1840 1069 1883 Ordinibus
1099 1843 1146 1880 ab
1163 1841 1388 1891 Apostolica
1404 1839 1498 1878 Sede
1512 1839 1684 1878 concessa
1704 1840 1781 1880 sal-

461 1907 509 1934 va
527 1898 677 1945 prorsus
691 1923 704 1942 ,
733 1894 848 1934 illaesa
863 1923 875 1941 ‚
896 1908 941 1934 ac
957 1893 1147 1933 inviolata
1172 1894 1356 1944 perpetuo
1382 1903 1610 1942 permanere
1624 1920 1636 1938 ,
1667 1893 1704 1931 &
1727 1893 1775 1932 ab

459 1948 666 1998 omnibus,
689 1947 739 1986 ad
762 1959 857 1998 quos
878 1947 1042 1997 spcstat,
1067 1947 1105 1985 &
1128 1959 1195 1991 pro
1221 1954 1398 1995 tempore
1425 1943 1776 1993 quandocumque)

460 1999 673 2049 spectabit,
698 1998 923 2038 inconcusse
946 2025 958 2044 ,
989 2010 1034 2036 ac
1062 1998 1381 2047 irrefragabiliter
1410 1994 1607 2035 observari
1636 1995 1775 2034 debere

459 2050 663 2095 volumus,
687 2050 954 2094 decernimus,
982 2049 1286 2089 &mandamus.
1318 2048 1398 2087 Ubi
1414 2051 1510 2086 vero
1528 2046 1774 2086 consuetudi·

462 2114 531 2143 nes
561 2100 739 2153 legitime
755 2102 921 2152 probatae
934 2128 945 2146 ,
963 2102 1267 2145 conventiones,
1298 2100 1511 2138 concordiae
1526 2128 1538 2145 ‚
1560 2101 1619 2139 vel
1635 2100 1776 2138 statuta

458 2155 664 2205 vigerent,
692 2165 774 2204 quae
803 2154 968 2203 praefatis
997 2155 1180 2193 Pax-ochis
1210 2154 1334 2202 magis
1368 2153 1572 2196 faverent,
1601 2150 1781 2199 illisque,

458 2207 702 2259 pinguiorem
742 2206 920 2254 praedit-“ta
959 2205 1110 2254 Qiarta
1151 2207 1505 2244 emolumentorum
1542 2203 1778 2242 funeralium

459 2259 677 2312 portionem
697 2257 954 2309 assignarent,
980 2270 1025 2296 ea
1044 2259 1080 2295 in
1099 2259 1143 2297 iis
1157 2287 1168 2305 ‚
1197 2259 1235 2296 in
1262 2258 1395 2308 quibus
1411 2257 1540 2306 vigent
1560 2282 1571 2300 ‚
1603 2255 1696 2293 Iocis
1713 2256 1777 2293 in-

459 2310 640 2350 concusse
660 2310 708 2349 ab
724 2310 905 2349 omnibus
928 2309 1122 2349 observari
1148 2320 1284 2355 motu,
1306 2306 1464 2347 scientia
1482 2335 1491 2350 ,
1514 2318 1558 2345 ac
1580 2307 1779 2356 potestatis

460 2363 700 2414 plenitudiue
721 2362 1101 2413 paribu8‚sancimus
1114 2390 1125 2409 ,
1139 2362 1375 2412 praecipimus
1388 2389 1401 2408 ,
1417 2360 1453 2399 δε
1466 2361 1666 2407 jubemus.
1695 2411 1731 2450 D

1737 2423 1778 2449 ε-
