2043 2958
626 218 671 269 T
695 238 704 264 ι
730 237 757 264 Τ
778 238 806 265 υ
827 240 847 264 1,
870 237 897 264 U
920 236 937 263 s
994 214 1032 263 I.
1464 229 1488 270 ς

165 288 236 338 lio
259 289 472 339 ²dicitur
498 288 630 339 fuisse
648 289 824 338 docens
851 292 905 336 in
922 282 1166 352 Temp103
1190 301 1290 332 non
1315 284 1494 330 imme-
1614 293 1636 320 ι’*-

165 363 265 408 rito
313 361 371 409 ad
404 359 528 409 illud
580 380 670 428 pro
703 359 893 409 viribus
926 355 1273 425 exequendum
1309 353 1494 401 nostros

164 430 248 481 hic
270 435 543 481 excitamus
568 431 826 500 Episcopos
843 467 860 488 ‚
891 443 1125 498 quatenus
1146 462 1161 484 ‚
1178 444 1237 474 ne
1258 422 1498 473 soeculari-

164 501 256 552 bus
284 507 350 551 ita
369 506 550 552 intenti
582 502 669 551 sint
687 502 774 570 ipsi
791 539 807 560 ,
836 517 889 550 ut
918 500 1278 567 supervacaneo
1297 499 1426 544 circa
1446 515 1499 545 ea

162 573 331 623 labore
370 572 415 623 se
450 574 736 623 consumant
767 610 782 631 ,
819 576 868 624 ὃς
905 589 1104 639 gregem
1134 571 1336 618 interim
1389 585 1497 634 quae

162 642 275 693 sunt
312 644 369 692 ad
404 645 575 694 Deum
611 664 695 712 per
730 643 775 694 se
811 644 985 692 docere
1032 644 1239 691 minime
1281 652 1452 686 curent
1480 658 1496 696 ;

163 734 280 764 cum
316 715 431 764 alias
463 717 676 766 verbum
696 716 797 766 Dei
828 713 1204 781 derelinquere,
1242 712 1292 760 &
1323 707 1495 757 menfis

161 785 433 834 ministrare
463 823 479 844 ,
530 787 757 853 Apostoli
797 804 994 851 aequum
1042 802 1143 832 non
1180 780 1269 830 effe
1305 777 1495 847 professi
1617 826 1639 863 b

160 856 251 904 fint
271 857 287 881 ¹’
307 893 317 903 .
352 856 518 905 Multa
538 856 644 906 sane
664 857 912 906 Dominus
931 857 1068 904 aliter
1083 890 1099 912 ,
1118 856 1172 902 ὼ·
1193 852 1359 908 aliter,
1379 848 1492 899 Ma·
1519 877 1756 913 Ano-rama-

160 926 306 994 gister
326 963 342 985 ,
373 944 426 976 ut
457 928 598 977 docet
620 928 927 996 Angelicusc
945 963 961 984 ,
993 924 1249 992 discipulis
1283 921 1489 970 tradidit
1619 958 1639 982 c

161 998 473 1066 adimplenda
494 1020 504 1047 :
545 1000 765 1049 officium
783 1017 996 1066 namque
1015 996 1223 1046 docendi
1242 991 1486 1042 commisit
1516 998 1761 1042 3.q.67.art.2.

158 1069 410 1135 Apostolis
424 1103 440 1124 ‚
462 1084 514 1117 ut
534 1069 620 1136 ipfi
639 1088 723 1134 per
741 1069 785 1116 se
805 1082 1090 1116 exercerent
1107 1081 1340 1132 tanquam
1357 1068 1493 1132 prin·
1552 1044 1607 1078 aad
1624 1052 1654 1076 ι’

159 1138 535 1205 cipaliffimum3
568 1138 790 1186 officium
821 1142 942 1184 vero
963 1136 1249 1200 baptizandi
1269 1140 1335 1181 eis
1357 1153 1491 1183 com-

158 1207 288 1256 mifit
304 1243 320 1265 ,
337 1226 425 1274 per
444 1206 562 1256 alios
583 1207 920 1258 exercendum
938 1243 949 1254 .
972 1205 1177 1255 Nullam
1194 1208 1359 1270 itaque
1376 1204 1491 1271 Epi-

155 1277 292 1346 scopi
319 1278 376 1327 ad
394 1276 439 1328 se
461 1283 531 1329 rei
548 1277 803 1328 familiaris
824 1297 993 1327 curam
1014 1291 1249 1327 revocent
1267 1312 1282 1333 ,
1316 1274 1396 1323 sed
1417 1275 1489 1324 le-

160 1350 317 1400 &ioni
346 1386 363 1408 ,
411 1353 462 1401 δι
497 1355 741 1409 orationi,
774 1352 824 1401 ὃ(
850 1351 992 1402 verbi
1021 1350 1121 1400 Dei
1151 1348 1489 1417 praedicationi

159 1423 506 1473 tantummodo
525 1437 701 1473 vacent
717 1422 731 1447 ‘³
753 1443 764 1470 :
799 1443 957 1491 neque
978 1422 1256 1473 Viduarum
1275 1456 1290 1476 ,
1315 1417 1488 1485 Pupil-
1620 1419 1643 1455 d
1681 1469 1686 1476 ‚

155 1492 353 1553 lorum,
387 1515 440 1544 ac
471 1496 858 1563 peregrinorum
885 1493 1296 1561 gubernationem
1326 1508 1412 1557 per
1439 1488 1484 1538 se
1514 1472 1594 1561 ἵζ’,
1608 1468 1751 1549 ,1ῗῇζῇ

154 1563 282 1631 ipsos
304 1601 319 1623 ,
339 1565 418 1614 sed
435 1585 522 1633 per
541 1564 1027 1631 Archipresbyteros
1043 1599 1058 1621 ‚
1091 1562 1172 1611 vel
1192 1580 1279 1629 per
1298 1559 1484 1609 Archi·
1534 1562 1600 1605 Μ·
1619 1564 1674 1598 88·

154 1635 385 1685 diaconos
405 1652 548 1705 agant
566 1644 605 1683 ⁶:
626 1634 870 1685 solicitam
887 1639 990 1684 imo
1009 1652 1208 1703 operam
1226 1647 1485 1689 navent‚ut
1621 1644 1647 1687 θ,
1734 1691 1756 1697 γ,

155 1705 253 1756 fine
290 1708 638 1758 intermissione
676 1707 765 1757 sint
798 1707 990 1776 ipfimet
1028 1711 1080 1755 in
1110 1701 1367 1754 commissis
1396 1703 1483 1753 fibi
1511 1678 1753 1771 c}{g{p2sasssss'.³

155 1778 388 1845 gregibus
425 1779 673 1847 pascendis
692 1779 887 1836 affidui,
908 1781 957 1828 &
977 1797 1079 1827 vox
1100 1777 1302 1826 Pastoris
1323 1779 1375 1823 in
1391 1776 1481 1825 Ec-
1531 1785 1600 1854 ΖΨ
1614 1774 1738 1808 ,eadem

156 1847 325 1905 clefia,
357 1848 526 1898 diebus
558 1849 728 1897 saltem
749 1850 1030 1898 Dominicis
1050 1885 1066 1906 ,
1099 1849 1148 1896 &
1183 1845 1480 1896 solemnibus
1555 1820 1601 1863 'st‘

155 1917 303 1967 Pestis
321 1955 337 1976 ,
358 1918 508 1969 sacras
529 1924 580 1968 in
596 1920 887 1988 exponendo
904 1920 1179 1985 Scripturas
1198 1954 1213 1975 ,
1232 1918 1481 1965 divinam-

154 2008 250 2056 que
281 1990 442 2058 legem
469 1992 807 2040 annunciando
824 2027 839 2049 ,
875 1989 1095 2038 audiatur
1117 2009 1131 2047 3
1170 1988 1358 2056 idquod
1375 2003 1481 2037 tan-

154 2061 301 2119 dem,
339 2061 370 2110 fi
405 2063 629 2131 legitime
664 2063 894 2131 impediti
922 2080 1022 2109 non
1041 2059 1223 2109 fuerint
1242 2096 1258 2116 ‚
1292 2064 1477 2118 juxtam

155 2131 345 2181 Christi
364 2169 380 2190 ,
415 2133 768 2201 Apostolorum
797 2171 812 2193 ,
853 2136 902 2184 &
935 2132 1181 2181 sacrorum
1211 2130 1475 2180 Canonum

152 2221 404 2262 normam,
427 2224 511 2273 per
533 2203 809 2274 semetipsos
830 2205 967 2256 obire
987 2219 1247 2261 tenentum
1277 2200 1474 2250 excluso
1500 2251 1526 2281 C
1585 2194 1624 2275 pf
1729 2256 1734 2266 1

154 2273 342 2342 semper
364 2275 576 2325 scientiae
598 2276 786 2326 defectu
803 2314 818 2335 ,
853 2281 939 2345 qui
964 2281 1015 2324 in
1034 2274 1284 2343 Episcopis
1302 2290 1472 2340 repro-—
1518 2253 1748 2337 ssss'sggo‘ffs

151 2343 340 2398 bandus
359 2348 422 2398 est
441 2352 644 2399 omnino
664 2385 679 2407 ‚
712 2368 800 2398 nec
819 2348 876 2398 de
893 2364 1057 2399 cetero
1076 2344 1354 2397 tolerandus
1367 2343 1379 2368 f
1401 2380 1411 2391 .
1522 2341 1665 2376 ordmar.

1283 2413 1468 2465 CAP.

1522 335 1616 368 Lucae
1628 338 1738 378 cap.4.
1797 380 1801 383 ᾖ
