2043 2958
270 262 582 323 canonicae
619 258 804 340 hujus
838 258 1290 323 observationis
1314 260 1589 323 officium

269 346 489 416 semel,
527 352 839 409 &iterum
875 345 1047 407 obire
1065 368 1189 406 non
1214 345 1591 426 praetermisi-

263 452 427 493 mus.
469 431 587 498 Ad
624 429 786 494 hane
820 436 973 493 veri)
1010 429 1396 516 Apostolicae
1417 431 1592 495 Sedis

262 515 730 580 formidandam
762 514 1164 578 altitudinem
1184 517 1380 581 evecsti
1408 564 1422 588 ,
1463 523 1602 580 uni·

264 603 577 686 versaeque
594 607 788 666 Vineae
812 603 1078 665 Domini
1100 600 1372 666 Sabaoth
1391 651 1406 674 ‚
1454 603 1599 666 licet

265 690 653 750 immerentes
672 733 687 757 ‚
726 686 1064 772 praepositi,
1086 689 1247 750 nihil
1267 693 1599 770 antiquius

272 772 613 835 habuimus
648 819 663 844 ‚
732 779 922 853 quam
971 790 1043 834 ut
1092 772 1599 835 saluberrimam-2

178 932 183 934 ‚
272 858 433 921 hanc
476 858 857 943 Episcopalis
891 863 1162 921 muneris
1200 875 1437 940 partem
1473 904 1487 927 ‚
1535 865 1599 923 &

274 945 387 1028 ipsi
433 944 847 1023 praestaremus
914 945 1212 1016 alacrius,
1275 949 1337 1006 &
1386 949 1598 1007 ceteris

274 1031 645 1110 explendam
673 1031 1105 1092 vehementius
1126 1031 1597 1093 commendare-

272 1136 409 1176 mus
431 1159 445 1180 ,
485 1116 696 1193 primae
733 1112 918 1193 hujus
958 1113 1132 1173 Sedis
1164 1116 1485 1198 exemp103
1520 1134 1595 1180 ut

274 1199 448 1280 cujus
487 1195 853 1282 Episcopale
901 1203 1072 1279 viget
1106 1202 1539 1280 Magisterium
1581 1248 1598 1270 ‚

273 1284 653 1366 Episcopalis
711 1284 898 1346 etiam
956 1284 1269 1348 servitutis
1317 1284 1547 1350 forma„-
1580 1334 1596 1358 ,

273 1368 512 1433 cunetis
545 1369 814 1434 Ecclefiae
855 1369 1202 1434 Pastoribus
1241 1371 1596 1436 adimitan-

271 1455 425 1518 dum
467 1458 803 1540 propofita,
840 1462 1152 1541 operarios
1196 1457 1278 1520 ad
1321 1458 1595 1523 laborem

268 1547 460 1624 magis
483 1542 841 1606 accenderet
860 1590 874 1612 ‚
913 1561 1100 1625 atque
1144 1544 1225 1605 ad
1248 1543 1595 1609 uberiorem

267 1632 394 1710 agri
416 1630 738 1691 Dominici
756 1629 1026 1693 frueturn
1050 1629 1445 1692 redundaret.
1466 1635 1594 1696 Ac-

269 1713 431 1776 ceffit
453 1734 737 1797 praeterea
763 1714 839 1777 ad
863 1716 1215 1780 studiorum
1242 1715 1591 1781 nostrorum

273 1802 747 1863 incitamentum
788 1807 996 1883 magni
1013 1802 1263 1864 Jubilaei
1288 1824 1592 1885 opportu-

254 1887 459 1957 nitas3
497 1908 640 1947 cum
678 1890 973 1948 nimirum
994 1886 1266 1969 perditas
1311 1911 1451 1949 oves
1471 1890 1592 1952 stu-

272 1966 499 2034 diofius
526 1974 852 2052 requirere,
889 1989 1070 2056 atque
1092 1971 1173 2033 ad
1200 1993 1410 2033 earum
1435 1975 1592 2037 salu-

268 2069 391 2115 tem
434 2062 728 2119 intentius
767 2058 1146 2140 advigilare,
1192 2059 1426 2121 Annus
1464 2062 1588 2143 ipse

269 2139 759 2225 Redemptionis
779 2190 792 2212 ,
830 2143 1229 2227 acceptabilis
1273 2145 1551 2209 Domino
1571 2192 1587 2215 ‚

267 2232 326 2288 &
350 2245 627 2290 materna
654 2227 959 2292 Romanae
985 2228 1257 2294 Ecclefiae
1283 2229 1549 2293 charitas
1568 2281 1584 2303 ,

267 2318 330 2375 &
365 2314 572 2377 oblata
591 2317 839 2380 AEterni
866 2318 1064 2383 Patris
1099 2316 1445 2396 benignitas
1479 2316 1585 2379 ad-

257 2419 495 2464 monet.
1479 2403 1580 2450 Vo-
