2043 2958
598 235 905 286 Τιίὐιυε
958 230 1163 283 XVII·
1458 249 1515 289 71

204 340 241 364 ‚‚
279 306 339 356 ab
372 305 476 374 ipso
494 307 761 357 Ordinario
793 305 1198 374 approbandum,
1228 321 1342 353 cum
1362 300 1524 351 debita

207 410 243 433 2,
281 380 520 428 mercedis
536 379 862 448 affignatione,
880 378 1157 445 relinquant
1175 411 1186 423 .
1219 373 1520 426 Discedendi

205 480 243 504 2,
282 464 446 498 autem
475 450 726 500 licentiam
745 453 796 498 in
817 447 1010 517 scriptis
1030 484 1047 507 ,
1087 445 1330 515 gratisque
1350 464 1522 495 conce-

207 553 244 575 „
280 521 489 569 ciendam
503 556 519 578 ,
535 522 660 570 ultra
680 521 904 586 bimestre
922 536 1112 587 tempus
1134 554 1151 577 ,
1187 518 1275 566 nisi
1294 536 1356 566 ex
1381 519 1524 585 gravi

212 623 250 645 2,
288 590 420 639 causa
438 627 454 648 ,
473 610 571 641 non
585 592 838 642 obtineant
853 627 864 639 .
905 591 1054 659 Qod
1073 590 1104 638 s1
1123 608 1209 657 per
1226 588 1440 638 edictum
1457 591 1526 634 ci-

209 693 245 716 „
285 664 406 718 tati,
422 667 571 711 etiam
584 682 682 712 non
700 661 1016 730 personaliter
1036 697 1052 719 ,
1073 674 1380 710 contumaces
1419 657 1526 706 fue-

208 763 246 786 „
287 735 386 779 rint
406 768 421 789 ,
439 732 653 782 liberum
672 734 759 782 effe
777 734 886 782 vult
906 733 1182 782 Ordinariis
1202 749 1287 798 per
1307 727 1525 778 censuras

208 832 245 856 2,
284 800 635 859 ecclefiastica5‚
653 806 702 853 ἃ
718 802 1158 868 sequestrationem,
1176 803 1226 850 &
1238 798 1528 848 subtractio-

211 903 247 925 „
284 888 399 918 nem
434 870 681 919 fructuum
700 908 717 929 ,
747 872 936 938 aliaque
955 876 1080 933 juris
1100 869 1314 918 remedia
1333 904 1350 926 ,
1379 871 1528 916 etiam

213 973 249 996 2,
290 939 437 1007 usque
459 942 516 990 ad
535 945 885 1009 privationem,
903 940 1200 1009 compellere
1216 960 1231 998 ;
1248 958 1336 987 nec
1350 957 1529 989 execu-

213 1043 248 1065 ,,
286 1014 473 1059 tionem
488 1011 613 1060 hanc
635 1011 858 1078 quolibet
875 1013 1145 1077 privilegio
1165 1047 1182 1068 ,
1200 1010 1400 1058 licentia
1417 1044 1434 1067 ,
1460 1006 1529 1056 fa-

210 1112 247 1135 „
284 1080 567 1129 miliaritate
586 1116 601 1138 ,
622 1084 934 1148 exemptione
952 1115 968 1137 ,
997 1084 1146 1128 etiam
1164 1082 1350 1127 ratione
1370 1084 1444 1142 cuj
1453 1076 1528 1127 us-

212 1183 247 1205 „
285 1169 496 1217 cumque
515 1150 772 1205 beneficii,
809 1149 1061 1214 pactione,
1100 1149 1309 1206 statuto,
1340 1153 1528 1199 etiam.‚

208 1253 246 1275 2,
275 1226 554 1283 juramento
571 1255 587 1277 ‚
614 1219 694 1268 vel
710 1235 1025 1285 quacumque
1043 1218 1324 1267 auctoritate
1352 1217 1529 1267 confir-

213 1322 250 1346 „
287 1307 439 1349 mato,
457 1288 823 1346 consuetudine,
843 1293 992 1337 etiam
1005 1288 1409 1346 immemorabili,
1423 1307 1530 1356 quae

214 1393 250 1415 ‚‚
288 1365 455 1429 potius
473 1360 748 1428 corruptela
766 1357 997 1408 censenda
1014 1359 1106 1418 est,
1123 1360 1218 1410 five
1239 1359 1533 1428 appellati&

209 1463 244 1486 ‚‚
281 1450 342 1479 ne
359 1467 376 1490 ,
402 1446 482 1480 aut
496 1432 795 1481 inhibitione
813 1465 830 1488 ,
849 1434 998 1479 etiam
1023 1434 1076 1478 in
1099 1431 1318 1479 Romana
1337 1431 1490 1480 Curia
1510 1437 1531 1486 ,'

210 1534 246 1556 ‚‚
283 1503 367 1551 vel
402 1505 573 1569 vigore
591 1502 881 1568 Eugenianae
901 1499 1276 1550 Constitutionis
1304 1497 1529 1567 suspendi

210 1603 247 1627 ‚‚
285 1571 411 1639 posse
431 1610 443 1621 .
484 1571 730 1623 Postremo
765 1586 865 1619 tam
883 1570 1135 1619 decretum
1161 1571 1287 1619 illud
1302 1569 1389 1620 sub
1408 1571 1533 1619 Pau-

209 1675 247 1697 „
287 1642 335 1690 lo
353 1641 442 1690 III.
456 1647 606 1709 quam
624 1641 717 1690 hoc
736 1639 900 1708 ipsum
913 1644 965 1688 in
983 1640 1227 1691 Conciliis
1247 1641 1530 1690 Provincia·-

215 1744 250 1768 „
288 1711 416 1761 libus
435 1748 450 1770 ,
485 1714 536 1762 &
553 1711 918 1780 Episcopalibus
938 1711 1181 1779 publicari
1200 1711 1352 1761 sansta
1370 1711 1531 1777 Syno-

213 1815 249 1838 „
287 1782 373 1829 dus
392 1786 646 1848 praecipit:
685 1786 822 1849 cupit
842 1785 975 1830 enim
994 1817 1010 1840 ,
1031 1801 1137 1850 quae
1154 1781 1272 1831 adeo
1293 1801 1356 1831 ex
1376 1782 1529 1850 pasto-

213 1883 249 1908 „
288 1869 400 1898 rum
436 1869 665 1908 munere,
698 1856 1065 1919 animarumque
1093 1851 1245 1900 salute
1261 1850 1403 1909 sunt,
1430 1850 1527 1899 fre-

214 1957 253 1979 „
287 1936 493 1989 quenter
511 1925 735 1970 omnium
754 1923 948 1972 auribus
969 1959 985 1980 ,
1004 1922 1340 1989 mentibusque
1355 1919 1494 1990 infigi
1511 1960 1528 1982 ,

215 2027 252 2050 „
292 2007 344 2040 ut
361 1996 412 2039 in
430 1991 701 2058 posterum,
717 1992 828 2041 Deo
835 1997 1044 2054 juvante
1062 2027 1078 2049 ,
1097 1993 1229 2042 nulla
1249 2006 1528 2060 temporum

215 2097 252 2120 „
289 2065 462 2123 injuria
482 2098 498 2119 ,
534 2077 616 2111 aut
641 2063 906 2128 hominum
937 2063 1224 2123 oblivione,
1256 2078 1337 2114 aut
1362 2061 1527 2115 desue-

218 2165 256 2191 „
292 2132 462 2182 tudine
483 2132 763 2184 aboleantur
781 2170 791 2182 .

1355 2413 1531 2466 CAP.
