2043 2958
634 238 696 266 AD
717 219 1002 269 CONCILIUM
1022 217 1280 268 ROMANUM
1296 254 1307 265 .
1532 233 1628 276 197

308 291 471 334 lierum,
499 289 752 337 exprimendo
771 319 782 337 ,
807 304 854 329 an
872 292 999 340 aliqua
1017 303 1062 328 ex
1081 289 1326 328 Monasteriis
1342 287 1528 326 Virorum
1555 287 1627 324 rint

309 342 475 387 subjecta
491 341 559 379 suae
570 343 823 387 jurisdictioni·
836 359 850 385 ,-
867 345 905 384 St
918 356 965 382 au
979 370 990 389 ‚
1014 343 1052 381 δε
1064 355 1143 392 quae
1159 343 1372 380 Mulierum
1389 337 1630 378 Monasteri'a

309 395 379 432 fibi
395 394 558 439 subjecta
571 395 640 432 fint
655 423 665 440 ,
685 398 745 434 vel
762 397 930 435 Praelatis
946 395 1199 444 Regularibus
1212 423 1221 433 .

361 445 429 485 IX.
488 448 553 485 An
582 448 676 486 adsit
707 447 745 486 in
762 449 934 488 Dioecefi
954 448 1215 486 Seminarium
1233 447 1475 486 clericorum
1491 471 1503 490 ‚
1536 451 1629 493 quot

309 499 455 538 Clerici
482 499 521 536 in
541 499 679 538 eodem
693 501 874 546 alantur,
905 512 952 538 an
968 500 1084 537 fuerit
1111 501 1254 537 statuta
1270 509 1381 543 taxa,
1405 500 1444 537 &L
1471 511 1510 535 in
1525 507 1629 545 qua.)

313 552 535 599 quantitate
550 579 561 597 ,
588 551 626 589 &L
644 563 691 589 an
707 554 836 602 aliqua
852 549 1045 590 Beneficia
1061 550 1204 589 fuerint
1221 550 1350 589 eidem
1373 551 1483 587 unita
1497 576 1509 593 ,
1539 551 1569 587 *ὰ
1590 549 1629 585 in

312 602 536 642 universum
565 606 739 654 quinam,
755 605 793 642 δέ
808 614 902 654 quot
917 606 986 643 sint
1002 604 1176 642 redditus
1189 602 1357 652 praedic’ti
1374 600 1576 639 Seminarii
1591 627 1601 637 .

361 656 410 695 X.
468 655 664 695 Numerus
676 657 940 706 Hospitalium
955 683 966 701 ,
991 655 1261 704 collegiorum
1279 682 1290 698 ,
1314 653 1629 692 Confraternita-

309 716 394 746 tum
413 736 425 754 ‚
452 708 491 747 ὃς
519 709 684 747 aliorum
701 709 895 748 Locorum
922 709 1071 758 piorum
1085 734 1096 753 ,
1122 719 1201 756 quae
1216 708 1301 745 sunt
1318 706 1357 743 in
1374 705 1599 754 Episcopatu
1616 730 1627 747 ‚

310 759 683 849 Apichiepiscopatu,
713 770 780 800 aut
804 762 1098 806 Patriarchatu‚
1123 758 1162 797 &
1186 760 1346 809 quinam
1369 758 1441 795 sint
1466 768 1627 794 eorum„

310 823 351 850 re
382 813 486 851 ditus
500 841 509 850 .

364 863 433 901 XI.
491 864 557 901 An
574 863 698 901 adfint
714 865 876 903 Montes
891 863 1047 913 pietatis
1060 890 1073 908 ‚
1087 863 1126 900 δε
1142 871 1236 912 quot
1249 863 1334 907 sint,
1349 861 1424 900 una
1439 871 1528 897 cum
1542 858 1626 897 aliis

311 914 639 959 consimilibu3‚ad
652 916 792 954 statum
807 915 1054 953 materialem
1068 914 1237 952 Ecclefiae
1250 913 1525 963 speoantibuffi
1539 923 1628 949 cum

310 967 557 1005 advertentia
573 975 721 1012 tamen,
736 975 776 1005 ut
794 954 907 1016 plenl
920 969 1039 1005 status
1053 965 1268 1004 materialis
1281 965 1435 1003 Relatio
1448 964 1486 1000 in
1505 963 1628 1012 prima

309 1017 515 1055 Relatione
543 1021 700 1056 tantum
717 1045 729 1062 ‚
755 1030 835 1065 quae
859 1017 902 1054 fit
926 1018 974 1054 ab
991 1018 1202 1065 Episcopo,
1219 1016 1521 1064 Archiepiscopo
1536 1041 1546 1058 ,
1563 1023 1629 1053 aut

312 1069 539 1109 Patriarcha
553 1069 778 1107 exhibeatur
792 1094 803 1112 ,
820 1068 857 1104 in
874 1067 1181 1116 subsequentibus
1197 1067 1343 1104 etenim
1361 1066 1632 1104 Relationibus

311 1120 400 1159 satis
424 1120 497 1158 erit
512 1148 525 1166 ,
549 1119 652 1169 quod
667 1119 734 1168 ipfi
757 1120 793 1156 se
807 1116 976 1157 referant
999 1118 1046 1156 ad
1060 1119 1226 1167 primam
1240 1145 1251 1162 ,
1278 1118 1347 1155 nifi
1360 1117 1505 1168 aliquid
1522 1117 1629 1162 novi,

311 1173 508 1221 pertinens
529 1172 577 1210 ad
591 1171 739 1209 dietum
752 1172 894 1208 statum
910 1170 1166 1213 materialem,
1179 1168 1396 1217 contigisset
1413 1197 1424 1214 ‚
1437 1169 1539 1218 quod
1555 1169 1631 1206 Re»

311 1223 438 1262 ferens
452 1221 734 1260 notificandum
749 1221 868 1258 Sacrae
881 1221 1195 1272 congregationi
1212 1220 1446 1261 existimaret
1459 1248 1468 1259 .

901 1311 939 1347 5.
979 1307 1038 1346 ΙΙ.

339 1390 406 1428 De
417 1391 581 1428 Secundo
595 1390 797 1428 Relationis
812 1389 957 1436 Capite,
965 1389 1170 1434 pertinente
1186 1388 1233 1422 ad
1244 1386 1357 1434 ipsum
1372 1385 1602 1435 Episcopum,

498 1442 809 1490 Archiepiscopum
823 1467 836 1486 ‚
862 1441 1062 1479 Primatem
1074 1464 1086 1484 ,
1112 1438 1151 1479 ἐς
1166 1437 1420 1478 Patriarcham
1432 1465 1441 1476 .

314 1537 358 1575 In
380 1538 454 1573 hoc
474 1535 618 1584 Capite
631 1536 769 1585 exponi
785 1532 943 1575 debebit

379 1589 409 1625 Ι.
475 1587 543 1625 An
574 1588 798 1626 Refidentiae
841 1592 1068 1636 praeceptum
1096 1612 1109 1631 ‚
1148 1587 1169 1624 ἐι
1209 1586 1335 1625 Sacris
1375 1583 1600 1625 Canonibus
1615 1613 1630 1633 ,

313 1637 498 1678 Concilio
519 1639 754 1677 Tridentino
769 1667 780 1684 ,
808 1640 847 1678 δε
871 1635 1160 1676 Constitutione
1173 1637 1336 1676 Urbana
1350 1636 1606 1688 praescriptum
1620 1664 1632 1681 ‚

313 1691 611 1740 adimpleverit,
643 1692 680 1730 Ex.
710 1703 757 1728 au
775 1691 905 1739 aliquo
920 1717 931 1734 ‚
953 1690 992 1728 Sc
1017 1700 1094 1738 quo
1115 1697 1291 1738 tempore
1306 1689 1473 1728 abfuerit
1491 1717 1502 1735 ,
1524 1690 1562 1728 ὃ(
1586 1701 1634 1726 au

312 1744 411 1781 ultra
425 1741 571 1781 menses
582 1741 821 1781 Conciliares
836 1767 847 1785 ‚
863 1742 902 1780 δε
915 1753 964 1779 an
978 1753 1067 1778 cum
1080 1767 1092 1785 ‚
1109 1742 1174 1780 vel
1188 1741 1267 1779 sine
1283 1742 1390 1779 Sedis
1405 1740 1635 1790 Apostolicae

318 1795 477 1833 licentia
492 1823 502 1832 .

378 1846 427 1884 ΙΙ.
496 1847 562 1884 An
574 1871 586 1890 ‚
598 1845 637 1884 &
650 1846 800 1893 quoties
813 1844 1002 1885 Dioecefis
1015 1870 1028 1893 ‚
1039 1844 1107 1882 fibi
1120 1844 1325 1884 commiffae
1339 1872 1352 1890 ‚
1368 1844 1634 1884 visitationem

320 1897 558 1947 expleverit..

371 1948 437 1987 111.
496 1950 564 1988 An
590 1961 655 1998 per
670 1950 706 1989 se
723 1977 736 1996 ‚
759 1951 821 1990 vel
836 1962 899 2000 per
916 1950 1034 1988 alium
1051 1948 1279 1999 Episcopum
1296 1977 1307 1995 ‚
1326 1950 1450 1987 sacras
1465 1947 1639 1988 Ordina-
1689 1945 1694 1951 ’

319 2000 448 2040 tiones
473 2002 715 2049 expleverit,
743 2003 786 2041 &
813 2002 1107 2040 Sacramentum
1124 2000 1445 2041 Confirmationis
1471 1999 1639 2038 admini-

320 2054 499 2093 straverit
517 2082 527 2092 .

373 2106 443 2145 IV.
501 2107 567 2147 An
581 2134 593 2152 ‚
609 2107 647 2146 ὃς
663 2105 814 2157 quoties
829 2105 1034 2156 Synodum
1048 2105 1320 2144 Dioecesanam
1335 2105 1507 2154 coegerit
1524 2116 1532 2141 2
1563 2105 1601 2143 Sc
1613 2104 1642 2141 fi

319 2156 539 2206 Episcopus,
553 2159 649 2196 nulli
663 2159 962 2207 Archiepiscopo
979 2158 1162 2204 subjectus
1177 2185 1188 2202 ‚
1207 2159 1253 2195 fit
1270 2185 1281 2202 ,
1311 2170 1356 2195 an
1375 2158 1422 2194 ad
1441 2155 1643 2202 Synodum

321 2208 614 2248 Provincialem
639 2212 717 2256 ejus
734 2210 1023 2269 Archiepiscopi
1038 2237 1049 2255 ‚
1078 2221 1193 2258 quem
1217 2209 1264 2247 ad
1284 2207 1647 2246 tramitesTriden-

321 2260 552 2310 tinieligere
570 2270 746 2307 tenetur,
773 2271 812 2300 ut
834 2263 914 2307 ejiis
929 2260 1091 2310 Synodo
1107 2260 1341 2298 provinciali
1371 2260 1516 2297 intersit
1536 2286 1552 2304 2
1579 2268 1645 2295 ac-

319 2310 500 2353 cesserit,-
526 2311 564 2350 δε
590 2313 616 2350 fi
631 2314 677 2351 fit
694 2312 1036 2362 A1·chiepiscopus‚
1067 2324 1115 2350 an
1139 2312 1343 2360 Synodum
1360 2310 1644 2350 provincialem

327 2363 531 2412 habuerit,
550 2368 589 2403 δὲ
604 2366 764 2414 quinam
779 2363 1015 2411 stiffi-aganei
1030 2364 1158 2403 eidem
1172 2363 1439 2402 interfuerint.
1549 2413 1561 2433 r
1588 2413 1626 2453 A

1524 2414 1549 2452 N
1565 2440 1575 2450 .
1632 2423 1656 2450 n
