2043 2958
564 227 624 256 An
646 208 926 257 Conciiruiu
946 203 1205 254 ROMANUM
1226 241 1238 254 .
1468 223 1557 264 171

244 280 411 323 relarum
428 306 440 324 ‚
469 277 506 316 δε
521 279 872 317 controversiarum
890 273 1058 320 ejusdem
1074 275 1249 315 Concilii
1267 302 1280 322 ‚
1294 275 1563 321 exhibuerunt,

246 343 291 370 ac
307 330 446 369 deinde
467 331 586 369 etiam
605 330 733 379 palam
748 328 870 380 spargi
889 336 1071 366 curarunt
1090 329 1297 366 nonnullos
1311 328 1481 367 libellos
1498 336 1565 376 ty·-

247 383 303 432 pis
331 380 524 432 impress'os
541 410 552 426 ,
579 382 746 432 pluribus
776 384 937 418 refertos
965 379 1215 417 contumeliis
1230 406 1241 425 ,
1269 379 1404 429 quibus
1428 378 1565 423 enixe,

247 434 470 483 summaque
494 446 582 472 cum
600 432 837 482 impudentia
851 429 1083 477 flagitabant
1099 458 1111 476 ‚
1128 438 1169 468 ut
1184 434 1280 481 Jura
1295 431 1398 481 quafi
1415 428 1567 479 Episco-

248 486 349 535 palia
363 484 513 524 Abbati
528 485 679 523 Montis
694 483 827 523 Cafini
847 483 886 519 in
901 481 1069 521 Dioecefi
1085 481 1284 521 Cafinenfi
1300 479 1568 529 competentia

248 536 572 588 supprimerentur
587 563 600 582 ,
623 534 742 584 iisque
770 535 818 573 ab
846 533 924 583 ipso
952 534 989 570 in
1018 542 1242 583 perpetuum
1259 534 1397 573 avulfis
1414 560 1425 579 ,
1452 532 1566 572 Sedes

245 587 481 637 Episcopalis
497 617 509 634 ‚
538 587 780 638 propriusque
796 585 998 635 Episcopus
1028 583 1069 624 in
1082 585 1237 635 Oppido
1250 612 1261 629 ,
1285 585 1346 624 seu
1359 584 1537 624 Civitate
1554 611 1567 630 ,

247 641 286 679 &
306 640 471 679 Ecciefia
485 641 520 679 S.
538 639 728 679 Germani
744 636 1021 681 institueretur,
1040 637 1115 682 vel,
1130 646 1170 674 ut
1189 638 1368 684 aiebant,
1388 635 1568 675 restitue-

249 700 353 729 retur
370 719 379 728 .
414 690 654 730 Eorumdem
684 692 777 728 νει-ὸ
805 689 1047 727 Libellorum
1063 689 1242 728 examine
1266 686 1359 736 jussu
1381 688 1522 727 Nostro
1544 698 1568 727 a

252 743 480 781 memoratis
494 742 714 781 Praesulibus
733 740 934 790 Judicibus
949 739 1142 790 deputatis
1158 738 1372 789 diligenter
1387 740 1542 788 peraeto
1555 762 1567 783 ,

252 793 435 842 rebusque
459 793 660 843 expositis,
686 804 761 841 qua
777 800 960 838 parerat,
985 792 1217 830 maturitate
1231 789 1396 830 discuffis
1412 816 1422 835 ‚
1451 789 1569 829 iidem

251 845 409 895 Judices
429 843 534 882 suum
548 844 703 892 desuper
721 843 964 892 protulerunt
979 843 1192 880 Decretum
1205 865 1216 884 ,
1245 843 1350 887 cujus
1364 849 1476 880 tenor
1489 841 1542 878 est
1553 866 1568 885 ‚

253 898 317 946 qui
334 895 498 944 sequitur
513 921 525 940 ,
541 894 725 934 videlicet
742 908 756 936 ,-

359 948 450 984 Cum
463 950 618 984 Sacrum
632 943 813 992 Casinense
824 944 1080 994 Monasterium
1093 946 1262 982 Aufforis
1270 945 1334 992 sui
1351 973 1362 991 ,
1385 944 1424 984 ἐῢ·
1436 947 1568 985 Mona·
1617 957 1787 988 Decretum
1800 968 1878 989 con·

256 997 632 1045 chorumsanfi'imonia
649 1023 661 1041 ,
682 1009 789 1044 atque
803 997 1038 1032 Romanorum
1052 996 1266 1040 Pontificum
1283 996 1461 1041 beneficiis
1478 997 1568 1032 cele-
1594 1005 1643 1029 tra
1674 1008 1874 1030 recurrentes

260 1053 321 1089 bre
334 1075 345 1094 ,
356 1059 422 1097 per
435 1050 595 1097 quqfdam
608 1049 762 1096 Oppidi,
775 1047 955 1084 Civitatis
972 1049 1166 1094 nuncupati
1179 1049 1224 1084 S.
1232 1049 1403 1084 Germani
1416 1049 1567 1092 Incolas,
1592 1038 1876 1123 ἱξὲἱῑὲῗέῐὲοϊ

256 1103 359 1139 Cleri
370 1127 382 1146 ,
404 1100 442 1141 ᾤ’
460 1101 588 1148 Populi
600 1101 738 1136 nomine
749 1125 761 1142 ‚
786 1098 918 1134 libellis
925 1098 1091 1145 pluribus
1107 1099 1326 1134 contumeliis
1343 1099 1485 1145 refertis
1497 1127 1509 1144 ‚
1527 1111 1568 1136 ac
1616 1123 1661 1153 iffi

253 1149 520 1202 palamqlparsis
538 1178 550 1196 ,
578 1150 617 1191 ἐϋ
639 1150 814 1186 exhibitis
828 1149 1042 1197 Sanfflffimo
1055 1150 1202 1186 Domino
1215 1150 1347 1199 Nostro
1371 1151 1571 1198 occasion&
1596 1135 1612 1155 c
1675 1145 1685 1155 '

254 1205 365 1242 Sacri
377 1204 533 1240 Concilii
548 1203 725 1245 Romani,
749 1213 790 1235 ac
803 1200 922 1238 Nobis
936 1226 948 1244 ‚
968 1202 1026 1236 uti
1046 1201 1240 1248 Judicibus
1255 1201 1501 1248 querelarum,
1530 1200 1570 1241 ἐῢ·

255 1255 563 1303 controversiarum
575 1255 616 1288 in
630 1253 745 1288 codem
758 1251 914 1287 Concilio
929 1277 941 1294 ,
961 1254 998 1287 in
1014 1262 1090 1286 eum
1093 1250 1207 1295 finem
1220 1254 1427 1299 impetitum
1432 1252 1568 1298 fuerit,

254 1317 295 1344 ut
298 1306 610 1353 supprimerentur
633 1304 729 1352 Jura
743 1303 839 1352 quasi
847 1302 1067 1350 Eptscopalia
1079 1302 1223 1339 Abbati
1237 1305 1378 1341 Montis
1390 1303 1509 1351 Casini
1527 1306 1568 1339 in

255 1359 399 1405 Dioecefi
419 1353 594 1405 Casineusi
618 1356 849 1402 competentia
866 1379 878 1398 ‚
904 1353 1016 1402 ilsque
1035 1357 1206 1402 perpetuo*
1229 1363 1271 1391 aa
1286 1357 1401 1392 eodem
1414 1356 1567 1403 avulsts,

253 1410 366 1446 Sedes
379 1409 591 1457 Episcopalis
604 1406 869 1455 institueretur,
873 1406 963 1453 five,
977 1415 1019 1442 ut
1032 1407 1262 1452 praetendunt
1275 1433 1286 1451 ‚
1304 1407 1567 1456 restitueretur,

257 1473 297 1496 ac
317 1464 484 1508 proprius
495 1459 680 1507 Episcopus
701 1459 742 1494 in
758 1458 924 1494 Civitate
939 1483 951 1502 ‚
979 1456 1017 1496 (⁷5¹
1030 1454 1178 1503 Ecclefia
1190 1459 1236 1496 S.
1249 1459 1418 1494 Germani
1430 1470 1568 1494 creare-

254 1524 318 1548 tur
333 1523 342 1549 t
373 1513 456 1551 Nos
468 1513 617 1560 Judices
639 1509 801 1558 praedifii
813 1535 824 1554 ‚
847 1518 986 1546 maturo
999 1509 1142 1557 desuper
1150 1518 1215 1556 pro
1231 1510 1286 1545 rei
1294 1512 1483 1556 gravitate
1500 1511 1566 1546 ha-

255 1565 326 1599 bito
352 1565 512 1600 examine
528 1590 540 1607 ,
566 1564 789 1610 comperimus
802 1586 814 1604 ‚
843 1561 1002 1610 querelas
1030 1560 1196 1608 expositas
1221 1571 1343 1597 contra
1355 1562 1565 1603 Abbatem...

253 1615 480 1661 Calinenfim,
493 1614 633 1662 ejusque
647 1612 852 1656 Monachos,
860 1611 985 1660 susse,
1002 1610 1040 1651 ὅ
1057 1611 1122 1660 effe
1133 1611 1385 1659 insuhststentes
1404 1639 1415 1656 ‚
1429 1611 1467 1654 θ’
1482 1623 1566 1648 con-

252 1667 446 1714 tumeliosas
460 1692 472 1711 ,
499 1665 537 1706 ἐς
549 1675 730 1714 tamquam
745 1664 835 1700 tales
849 1664 1065 1710 rejiciendas
1082 1689 1094 1707 ‚
1118 1661 1158 1702 ἐς·
1166 1664 1430 1711 prtffcribendas
1444 1690 1456 1708 ,
1478 1673 1566 1712 per-

248 1728 460 1767 petuumque
475 1717 669 1764 silentium,
684 1717 796 1765 quoad
809 1715 1035 1762 Episcopatus
1048 1714 1250 1752 ereffionem
1264 1742 1276 1760 ‚
1291 1714 1370 1759 five
1382 1742 1394 1760 ,
1421 1725 1462 1752 ut
1473 1726 1566 1762 prce-

252 1771 403 1807 tendunt
419 1794 430 1813 ,
446 1768 703 1816 restitutionem
716 1793 728 1811 ,
745 1767 886 1813 aliaque
908 1770 944 1801 in
965 1766 1092 1812 eisdem
1106 1765 1236 1802 libellis
1251 1776 1429 1810 contenta,
1444 1767 1564 1810 Clero,

254 1820 291 1860 (⁷5
308 1820 437 1868 Populo
448 1846 460 1864 ‚
481 1832 521 1855 ac
537 1818 829 1857 ‘particularibus
848 1818 893 1854 S.
909 1818 1079 1853 Germani
1091 1842 1103 1860 ,
1112 1817 1278 1863 praefenti
1291 1817 1399 1866 nostro
1413 1818 1566 1855 Decreta

252 1873 459 1919 imponimus
472 1896 483 1915 ,
499 1883 538 1906 ac
551 1870 741 1918 impositum
752 1869 816 1915 eff:
829 1868 1002 1912 volumus,
1010 1877 1117 1915 prout
1130 1868 1241 1904 latius
1254 1870 1294 1905 in
1308 1869 1444 1906 Literis
1462 1870 1565 1916 Apo..

243 1924 377 1973 stolicis
402 1926 442 1959 in
456 1923 546 1958 calce
559 1923 665 1968 hujus
681 1921 835 1958 Concilii
846 1921 1056 1968 apponendis
1073 1919 1240 1966 constabit
1254 1946 1264 1957 .
1297 1921 1412 1958 Roma
1437 1922 1476 1957 in
1488 1921 1562 1958 Ec-

253 1976 348 2023 clesia
374 1977 575 2011 Lateranen
589 1972 604 2009 i
635 1985 647 2008 1
657 1975 692 2009 8.
715 1973 817 2019 Masi
845 1984 857 2008 1
868 1984 952 2018 725.
995 1972 1056 2020 Jo:
1083 1971 1243 2020 Baptista
1269 1971 1562 2024 Archiepifiopus

254 2025 453 2072 Mfibenus
468 2026 592 2074 Judex
619 2024 864 2073 querelarum,
889 2022 927 2064 ὅ·
954 2020 1264 2066 controversiarum
1287 2025 1396 2060 Sacri
1411 2023 1565 2061 Concilii

256 2080 409 2117 Romani
423 2105 431 2114 .
461 2077 668 2124 Franciscus
691 2075 879 2123 Epifivpus
908 2072 1071 2119 Elufinus
1098 2075 1224 2124 Judex
1248 2075 1469 2124 querelarum
1492 2100 1504 2120 ,
1525 2072 1565 2115 ἐς·

255 2127 570 2172 controversiarum
583 2130 693 2166 Sacri
703 2127 859 2165 Concilii
871 2128 1023 2165 Romani
1035 2154 1045 2163 .
1071 2167 1075 2172 ⁴

358 2181 442 2219 Post
459 2178 672 2224 hujusmodi
688 2178 845 2218 Decreti
861 2176 1178 2228 publicationem,
1193 2179 1259 2216 etfi
1273 2178 1414 2228 praefati
1426 2178 1563 2217 §.Ger-
1622 2191 1871 2225 constitutionis

254 2232 362 2273 mani
376 2232 518 2272 1nc01ae
533 2232 579 2270 ab
593 2232 727 2277 injusta
742 2257 755 2276 ‚
781 2241 824 2268 ac
836 2231 947 2280 plane
959 2229 1096 2268 audaci
1110 2229 1297 2278 petitione
1321 2229 1534 2269 destiterint
1550 2255 1562 2273 ,
1590 2233 1685 2272 hujus
1701 2235 1825 2267 motiva
1839 2258 1849 2268 .

255 2284 294 2323 δὲ
310 2284 392 2323 Nos
407 2284 446 2323 in
464 2282 665 2323 noviffima
680 2281 938 2331 Praesynodali
953 2281 1269 2330 congregatione
1285 2294 1417 2320 eorum
1434 2282 1563 2330 impu-

258 2336 436 2376 dentiam
456 2336 583 2386 palam
598 2346 757 2387 arguere
776 2360 789 2381 ,
815 2334 854 2375 ὅ(
877 2333 1095 2423 impnssare
1110 2359 1123 2379 ,
1149 2333 1335 2383 fimulque
1348 2332 1563 2386 Ordinem„

1053 2397 1072 2420 2
1433 2394 1563 2423 maxi-
