2043 2958
209 305 246 350 κ’

210 395 247 419 22

210 467 248 491 2>

211 538 249 562 22

213 609 250 633 22

216 680 252 703 22

214 751 252 774 >2

215 821 252 843 2>

217 891 256 914 22

218 961 256 984 29

220 1030 257 1053 92

221 1100 258 1124 93

221 1172 259 1193 29

219 1241 259 1263 22

218 1310 259 1334 2³

222 1380 259 1404 22

218 1451 255 1474 >2

218 1521 256 1544 22

215 1591 253 1614 22

215 1661 252 1684 22

215 1729 253 1754 22

574 219 887 271 Τιτυιυς
941 217 1154 268 XVII.
1455 221 1522 274 67

281 291 405 341 ovili
423 289 654 342 derelisto
668 330 683 352 ,
702 307 846 360 atque
861 293 1033 339 ovium
1053 289 1141 339 fibi
1160 286 1529 337 commissarum

285 382 398 412 cura
417 362 635 432 riegle&a
653 402 669 424 ,
699 361 745 412 se
765 363 984 413 detinent
1003 375 1267 429 occupatos
1290 378 1300 406 :
1341 357 1530 426 placuit

286 432 587 484 sacrosanstae
617 435 819 502 Synodo
835 470 852 492 ,
881 437 1105 500 antiquos
1138 431 1365 482 Canones
1386 465 1402 488 ‚
1440 431 1530 496 qui

288 521 566 574 temporum
586 544 603 566 ,
639 523 783 574 atque
813 505 1075 555 hominum
1109 506 1285 567 injuria
1319 519 1441 569 pene
1477 503 1532 549 in

288 575 655 628 desuetudinem
674 578 898 629 abierunt
916 613 932 636 ,
959 575 1183 626 adversus
1205 592 1301 623 non
1323 571 1528 621 refiden-

289 663 357 697 tes
378 648 712 717 promulgatos
726 654 979 706 innovare3
998 644 1412 716 quemadmodum
1429 644 1533 689 vir-

289 733 392 767 tute
414 718 662 786 praesentis
691 721 875 769 decreti
893 723 1096 768 innovat
1111 754 1127 776 ,
1147 735 1200 765 ac
1220 715 1424 764 ulterius
1443 728 1533 779 pro

290 787 496 837 firmiori
521 791 805 838 eorumdem
830 789 1080 837 refidentia
1100 823 1116 844 ,
1146 789 1195 836 &
1215 782 1534 834 reformandis

292 862 345 905 in
378 858 581 907 Ecclefia
617 859 836 907 moribus
873 863 923 906 in
951 859 1083 906 hunc
1101 892 1117 914 ,
1153 858 1240 922 qui
1270 853 1492 920 sequitur
1512 886 1529 909 ,

293 928 497 976 modum
515 928 716 978 statuere
734 964 750 986 ,
779 945 923 995 atque
943 926 1124 976 sancire
1143 961 1153 972 .
1194 924 1245 974 Si
1265 927 1374 991 quis
1399 941 1423 971 a
1442 923 1531 971 Pa-

293 998 565 1057 triarchali‚
584 999 890 1057 primatiali,
904 996 1290 1064 Metropolitana
1309 1030 1325 1052 ,
1342 993 1420 1042 seu
1440 993 1536 1042 Ca-

296 1064 508 1115 thedrali
523 1068 750 1126 Ecclefia,
767 1068 853 1116 fibi
868 1084 1177 1134 quocumque
1197 1064 1361 1121 titulo,
1381 1062 1535 1120 causa,

297 1141 518 1194 nomine,
535 1136 615 1186 seu
623 1143 735 1198 jure
754 1137 1018 1193 commissa,
1037 1152 1345 1202 quacumque
1364 1134 1442 1182 illi
1463 1133 1537 1181 di-

297 1210 483 1273 gnitate
505 1240 521 1263 ,
548 1206 698 1274 gradu
715 1242 732 1265 ,
765 1208 815 1256 &
831 1208 1198 1274 praeeminentia
1219 1203 1502 1270 praefulgeat
1518 1237 1535 1260 ,

298 1277 523 1343 legitimo
553 1277 910 1345 impedimento
925 1313 942 1335 ,
973 1275 1050 1324 seu
1064 1274 1232 1339 justis,
1263 1275 1311 1323 ὃ(
1327 1277 1536 1322 rationa-

297 1345 482 1396 bilibus
501 1346 644 1396 caufis
663 1346 946 1396 cessantibus
965 1383 980 1405 ,
1011 1344 1096 1395 sex
1122 1342 1362 1394 menslbus
1383 1346 1539 1391 conti-

295 1420 403 1465 nuis
425 1434 563 1467 extra
581 1417 713 1466 suam
730 1417 998 1468 Dioecefim
1027 1414 1265 1465 morando
1292 1414 1501 1463 abfuerit
1520 1448 1538 1471 ,

294 1502 475 1555 quartae
492 1493 641 1555 partis
660 1488 907 1538 fruetuum
926 1492 1068 1537 unius
1088 1489 1219 1542 anni,
1238 1483 1431 1534 sabricae
1450 1483 1541 1540 Ec÷

291 1557 439 1606 clefiae
457 1594 474 1616 ,
501 1561 551 1609 δε
570 1559 868 1626 pauperibus
898 1560 994 1608 loci
1011 1576 1096 1626 per
1116 1556 1428 1622 Superiorem
1446 1555 1538 1604 Ec-

292 1628 603 1677 clefiasticum
620 1629 1024 1697 applicandorum
1041 1663 1059 1687 ‚
1094 1643 1293 1694 poenam
1312 1625 1417 1694 ipso
1432 1630 1538 1686 jure

291 1702 511 1748 incurrat
529 1735 540 1747 .
581 1699 727 1766 Qod
746 1699 778 1748 fi
798 1718 884 1767 per
901 1699 1020 1748 alios
1053 1698 1139 1748 sex
1167 1695 1352 1745 menses
1375 1701 1426 1746 in
1445 1695 1539 1745 hu-

217 1801 255 1825 „
283 1767 501 1831 jusmodi
536 1769 750 1819 absentia
771 1769 1154 1837 perseveraverit
1173 1803 1189 1826 ,
1222 1766 1366 1816 aliam
1396 1785 1541 1835 quar-

215 1872 251 1894 22

216 1943 253 1965 22

216 2012 253 2035 92

216 2082 255 2105 22

215 2153 253 2176 22

219 2224 256 2247 >2

219 2294 256 2317 22

220 2363 256 2387 92

289 1855 389 1887 tam
409 1853 598 1906 partem
615 1839 1106 1896 fructuum‚s1militer
1123 1838 1540 1904 applicandam,e0

290 1908 395 1976 ipso
412 1913 632 1958 amittat.
672 1909 935 1958 Crescente
968 1911 1087 1957 vero
1117 1911 1452 1965 contumacia,
1488 1919 1540 1954 ut

293 1978 528 2029 severiori
546 1979 790 2028 sacrorum
810 1979 1073 2028 Canonum
1091 1977 1301 2027 censurae
1321 1977 1543 2040 subjicia-

292 2065 370 2098 tur
404 2086 420 2107 ,
458 2049 873 2119 Metropolitanus
915 2047 1233 2118 suffraganeos
1274 2046 1541 2116 Episcopos

292 2118 517 2171 absentes
536 2158 553 2179 ‚
572 2121 1022 2190 Metropolitanum
1042 2124 1163 2170 vero
1184 2116 1434 2168 absentem
1451 2115 1544 2166 suf-

295 2190 549 2259 fraganeus
588 2191 850 2260 Episcopus
886 2195 1136 2260 antiquior
1176 2189 1379 2239 residens
1398 2227 1415 2249 ‚
1451 2187 1538 2237 sub

294 2280 439 2329 poena
460 2262 710 2312 interdiCti
742 2263 974 2331 ingressus
997 2258 1218 2314 Ecclefiae
1235 2299 1251 2321 ,
1280 2280 1335 2310 eo
1353 2259 1455 2327 ipso
1470 2263 1545 2307 in-

293 2333 527 2384 currenda
545 2370 562 2393 ‚
592 2335 720 2385 infra
740 2350 836 2385 tres
870 2333 1063 2384 menses
1105 2352 1190 2402 per
1210 2332 1397 2382 litteras
1420 2366 1434 2388 ,
1465 2328 1544 2378 seu

917 2404 940 2453 I
981 2425 1005 2453 2
1406 2401 1547 2452 Nun-
