2043 2958
457 243 518 287 16
788 236 1445 288 CONCILIIROMANl

455 326 678 377 corpora,
695 309 932 358 membris
963 307 1232 377 compacta,
1252 306 1346 357 suis
1367 306 1560 376 legibus
1583 311 1754 360 vivere
1770 346 1787 369 ‚

455 379 647 448 suisque
667 381 846 449 regulis
867 385 1047 431 nutriri
1065 418 1081 440 ,
1100 382 1150 430 &
1170 380 1449 429 conservari
1469 394 1686 447 oportet,
1704 382 1789 430 de-

456 450 596 501 finite
628 456 939 522 praecipimus
955 490 971 512 ‚
1005 472 1056 501 ac
1073 453 1356 501 mandamus
1376 489 1391 509 ,
1427 465 1480 499 ut
1499 455 1695 519 antiqua
1714 489 1730 510 ,
1750 452 1783 500 fi

456 541 554 590 qua
586 524 768 573 habent
786 524 993 582 Statuta,
1015 526 1063 574 ἃ
1082 524 1370 591 capitulares
1392 520 1781 573 Constitutiones

459 594 782 660 depromant3
813 598 863 646 ὃ(
894 595 980 644 ubi
1010 615 1108 645 non
1135 594 1284 644 adsint
1305 630 1321 651 ,
1361 593 1444 642 sex
1461 593 1586 642 infra
1612 595 1785 643 saltem

459 664 771 731 :menses‚post
784 666 1032 732 praesentis
1048 665 1269 716 Concilii
1284 663 1791 731 publicationem,sub

460 734 765 784 ecclefiastici
795 737 1047 786 interdicti
1065 755 1210 805 poena
1230 772 1246 794 ‚
1275 737 1477 784 omnino
1497 736 1787 799 conficiant3

459 806 511 855 ὃ(
535 824 769 873 utraque,
806 812 1003 874 antiqua
1031 808 1218 856 scilicet
1235 843 1251 864 ‚
1283 808 1332 856 ὃ(
1349 824 1471 854 nova
1489 842 1505 863 ‚
1538 825 1625 873 per
1646 808 1748 857 Nos
1767 846 1783 868 ,

460 877 621 943 quoad
640 878 806 926 nostrae
829 878 966 926 alrrzae
989 877 1147 929 Urbis
1167 876 1487 926 Ecclefiarum
1506 877 1714 935 Statum,
1732 882 1783 930 &

460 947 650 1014 reliqua
669 984 684 1004 ,
716 946 821 997 suos
842 948 1108 1017 respective
1126 968 1211 1016 per
1229 948 1490 1015 Epilcopos
1511 985 1527 1006 ‚
1561 956 1784 1000 accurate

460 1019 787 1066 examinanda
805 1054 822 1075 ‚
847 1020 895 1068 ὃ(
922 1019 1211 1084 corrigenda
1231 1019 1470 1066 deducant
1486 1055 1502 1074 ,
1531 1036 1674 1085 atque
1695 1040 1781 1088 ap-

458 1086 714 1154 probanda
731 1086 1024 1155 praesentent
1046 1125 1056 1135 .
1092 1085 1322 1153 Episcopi
1349 1090 1501 1152 igitur
1519 1092 1569 1134 in
1587 1093 1646 1136 iis
1669 1109 1783 1139 exa-

462 1158 729 1213 minandis,
746 1157 778 1205 fi
797 1158 914 1222 quid
937 1171 1105 1204 contra
1125 1163 1224 1217 jus,
1245 1156 1324 1202 vel
1346 1155 1631 1206 Tridentini
1649 1161 1784 1212 Con..

462 1226 570 1277 cilii
589 1227 781 1276 decreta
800 1263 816 1285 ,
853 1241 934 1274 aut
950 1225 1229 1276 Pontificias
1245 1224 1628 1278 Constitutione-s
1660 1235 1783 1282 irre-

459 1297 593 1368 pfiffe
629 1302 953 1366 cognoverint
979 1335 996 1357 ,
1046 1297 1184 1366 super
1221 1315 1277 1346 eo
1315 1298 1489 1346 Sedem
1527 1300 1782 1353 consulant

456 1368 816 1437 Apostolicam‚
835 1391 857 1418 a
876 1374 1103 1437 quajuris
1124 1368 1336 1417 remedia
1353 1370 1627 1436 expectent.
1645 1374 1782 1424 Con-

457 1439 737 1489 suetudines
760 1455 922 1488 autem
943 1476 959 1496 ,
978 1439 1165 1489 nonnisi
1186 1441 1496 1489 rationabiles
1517 1478 1533 1499 ,
1561 1444 1609 1490 ἃ
1627 1443 1781 1494 hone-

457 1510 546 1560 stas
566 1509 828 1560 admittant
845 1530 859 1569 3
878 1511 927 1560 &
943 1508 972 1557 fi
993 1530 1109 1577 quas
1132 1531 1154 1559 a
1175 1515 1363 1559 ratione
1383 1512 1634 1562 declinasse
1652 1552 1667 1573 ,
1695 1517 1780 1567 vel

456 1595 627 1630 contra
646 1581 906 1637 Breviarii,
921 1581 999 1627 vel
1018 1580 1247 1638 Missam,
1262 1583 1644 1633 Coeremonialis
1663 1587 1780 1654 Epi-

455 1651 738 1719 scoporum,
756 1649 1078 1709 Pontificalis,
1093 1651 1172 1699 vel
1195 1651 1411 1699 Ritualis
1433 1653 1647 1701 Romani
1668 1657 1777 1705 Ru-

457 1720 619 1771 bricas
640 1721 889 1770 inoleviffe
904 1758 920 1779 ,
951 1741 1002 1769 ac
1021 1722 1224 1788 proinde
1245 1721 1515 1771 indebitam
1534 1724 1654 1791 legis
1675 1725 1778 1794 spe—

459 1796 585 1840 ciem
607 1792 844 1860 usurpasse
864 1798 1195 1860 compererint
1216 1829 1232 1850 ,
1261 1812 1337 1842 eas
1355 1830 1372 1853 ‚
1390 1794 1472 1843 vel
1492 1800 1738 1864 corrigant
1758 1835 1776 1858 ,

458 1863 542 1913 vel
557 1868 762 1913 omnino
777 1863 979 1913 delenda
999 1865 1260 1914 decernant
1281 1901 1292 1912 .

529 2041 775 2093 Methodus
788 2057 869 2109 pro
886 2042 921 2091 S
924 2047 1084 2091 tatutis
1117 2044 1435 2110 capitularibus
1447 2045 1702 2115 firmandis

969 2119 1229 2182 proponitur
1249 2153 1259 2163 .

624 2220 668 2269 Is
692 2220 993 2289 praehabitis,
1012 2226 1269 2291 praecipuae
1289 2222 1643 2292 Episcoporum
1663 2243 1775 2293 par-

641 2307 710 2341 tes
731 2309 870 2341 erunt
890 2330 906 2351 ‚
941 2309 993 2342 ut
1015 2293 1101 2342 tali
1120 2294 1354 2345 methodo
1371 2294 1554 2344 Statuta
1574 2296 1671 2364 ipsa
1690 2335 1706 2356 ,
1727 2311 1776 2358 ὃς

457 2364 844 2414 Constitutiones
867 2365 1155 2424 condantur,
1174 2381 1540 2435 quatenUS‚quae
1561 2367 1776 2436 ipsarum

1683 2438 1773 2486 fint
