2043 2958
168 2211 361 2280 Videfflicpra

167 2287 234 2317 Tit.
258 2285 291 2316 V
294 2285 349 2316 ΙΙΙ.

166 2329 241 2368 Cap.
260 2327 318 2357 III.

443 267 542 300 ,212
761 280 768 284 -
910 241 1290 292 APPENDIX

431 320 576 368 solvere
588 312 818 364 recusaverit,
834 313 897 351 vel
904 315 1107 361 neglexerit
1120 340 1131 358 ‚
1148 314 1377 361 absolvantur
1387 310 1408 348 a
1420 312 1755 362 Confiessariojuxta

445 370 673 418 commiffiouis
681 368 834 413 formam
846 394 858 412 ,
884 379 960 414 quae
982 368 1022 403 in
1029 367 1197 414 praesenti
1199 366 1376 413 servatur
1388 367 1426 400 in
1441 366 1541 400 diffls
1560 366 1759 414 comiffioni-

443 424 505 460 bus
530 421 781 468 absolutionum
797 445 807 455 .
838 417 967 471 Qud
992 421 1076 456 ‘vero'
1091 418 1302 465 censuratos,
1316 419 1355 452 in
1369 417 1465 453 vrbe
1478 428 1729 454 commorantes
1744 444 1756 462 ‚

443 475 619 510 committi
644 473 769 508 debeat
793 471 960 517 absolutio
975 472 1167 508 Cardinali
1181 470 1288 508 vrbis
1305 470 1457 506 Vicario
1472 494 1483 512 ,
1497 468 1566 516 seu
1590 470 1666 515 ejus
1682 471 1758 505 Vi·-

443 526 640 572 cesgerenti
652 550 663 567 ‚
684 536 723 559 ac
741 523 894 570 praefata
911 523 1060 570 servari
1075 523 1184 558 etiam
1198 521 1386 559 mandavit
1401 521 1441 556 in
1458 520 1728 567 absolutionibus
1744 547 1755 564 ,

442 589 516 625 quae
545 578 780 612 conceduntur
794 583 860 621 per
873 577 1170 622 Congregationes
1185 601 1197 618 ‚
1214 584 1322 621 prout
1339 574 1421 619 jam
1445 573 1607 618 religiose
1624 573 1663 610 iu
1679 569 1759 619 ipsis

428 630 620 676 servatum
628 628 705 673 fuit
721 654 732 665 .
759 627 1040 676 Declaravitque
1064 626 1182 673 rurfits
1197 626 1382 663 Sanffitas
1395 626 1475 661 Sua
1489 650 1501 668 ,
1527 624 1617 671 quo‘d
1640 624 1759 671 hujus-

441 682 535 716 modi
561 678 794 727 commistiones
821 681 864 714 de
890 679 1094 726 abfi2lvendo
1118 678 1329 725 praesentari
1359 677 1508 712 debeant
1539 676 1759 712 Cancellario

443 733 723 770 Ordinctriorum
735 758 747 776 ‚
772 732 793 766 ὰ
807 742 876 779 qua
883 731 1155 779 praesentatione
1169 740 1311 767 currere
1327 729 1478 764 debeant
1491 737 1565 763 tres
1581 728 1654 762 dies
1668 754 1678 771 ,
1688 728 1760 775 post

441 796 586 833 quorum
613 783 745 830 lapsum
758 809 770 827 ‚
800 782 838 823 ἐῢ·
852 795 920 821 non
932 784 1018 820 data
1032 783 1243 830 absolutione
1256 807 1269 827 ,
1291 779 1414 829 pofflnt
1439 779 1484 815 ab
1506 779 1591 815 aliis
1606 778 1758 826 absolvi,

442 835 602 884 utsupra
616 862 628 879 ‚
642 838 679 871 iu
693 835 910 883 commzffione
924 864 934 874 .

546 886 674 938 Qoad
696 887 838 934 insuper
853 889 1049 936 censuratos
1062 889 1208 925 mandat
1222 886 1406 924 Sanmtas
1420 885 1501 921 Sua
1514 908 1527 929 ‚
1555 881 1647 931 quo'd
1659 910 1671 929 ‚
1697 896 1756 920 re-

436 949 582 988 portata
602 939 814 986 absolutione
835 941 857 975 ὰ
872 940 1024 987 censuris
1048 952 1124 976 cum
1140 940 1378 976 reincidentia
1393 963 1405 981 ‚
1427 936 1606 972 cedulones
1623 963 1634 980 ‚
1661 949 1751 984 qua-

441 1002 545 1027 tenus
559 989 657 1035 affixi
683 992 805 1026 uerint
817 1017 830 1034 ‚
845 994 1001 1028 amoveri
1016 1004 1083 1028 non
1094 993 1243 1026 debeant
1260 1016 1270 1034 ,
1288 989 1358 1036 sed
1371 989 1611 1024 tantummodo
1626 997 1752 1033 tegan-

441 1052 528 1086 tur,
546 1041 584 1080 θ’
602 1043 687 1076 teeti
699 1052 903 1076 remaneant
916 1067 928 1085 ‚
949 1045 1102 1076 durante
1115 1044 1264 1076 termino
1283 1041 1431 1074 obtentae
1450 1039 1674 1083 absolutionis
1688 1066 1698 1076 .

531 1094 623 1130 Cum
633 1094 673 1130 in
687 1091 885 1139 hujusmodi
897 1093 1048 1128 decretis
1062 1102 1193 1138 agatur
1205 1092 1246 1126 de
1259 1089 1553 1137 appellationibus
1575 1090 1615 1124 in
1629 1089 1750 1134 Caufis

432 1145 672 1194 judicialibus
688 1171 700 1189 ‚
729 1145 913 1180 Sanftitas
933 1146 1014 1181 Sua
1040 1146 1141 1181 enixe*
1169 1144 1336 1179 hortatur
1363 1153 1476 1176 omnes
1506 1141 1721 1178 Ordinarios
1735 1169 1748 1185 ‚

439 1208 504 1242 ut,
534 1208 612 1234 cum
626 1195 693 1244 ipsi
703 1198 854 1234 Patrum
877 1208 999 1233 nomen
1024 1208 1108 1242 erga
1115 1195 1282 1242 subditos
1304 1203 1577 1241 promereantur
1591 1218 1603 1237 ‚
1628 1195 1749 1241 potius

438 1253 543 1298 quam
554 1249 729 1297 Judicum
742 1275 754 1294 ,
778 1258 927 1285 caveant
939 1275 951 1293 ‚
974 1261 1017 1285 ne
1029 1249 1113 1284 lites
1125 1248 1284 1283 excitent
1299 1272 1310 1289 ‚
1322 1246 1392 1292 sed
1414 1245 1591 1279 excitatas
1611 1236 1748 1291 compo—

438 1313 523 1338 nere
542 1311 665 1337 curent
679 1326 690 1344 ,
713 1300 912 1347 praesertim
934 1302 1033 1336 inter
1048 1309 1221 1346 pauperes
1236 1324 1247 1341 ,
1272 1296 1311 1336 ἐῢ·
1326 1296 1540 1343 miserabiles
1551 1297 1716 1342 personas
1734 1325 1746 1342 ‚

437 1365 525 1401 quas
549 1362 734 1399 protegere
757 1354 973 1399 praecipuum
994 1362 1120 1387 munus
1148 1361 1263 1385 eorum
1288 1348 1334 1397 est
1346 1374 1356 1384 .
1387 1349 1537 1394 Ideoque
1560 1349 1745 1385 Sanf't'itas

430 1405 517 1441 -Sua
539 1405 685 1440 mandat
700 1430 711 1447 ,
737 1405 828 1451 quod
850 1404 1065 1449 pauperibus
1090 1403 1325 1436 condonentur
1337 1399 1509 1446 sportulae
1524 1424 1535 1442 ‚
1557 1397 1595 1439 (ς’
1610 1402 1743 1436 emolu-

435 1465 555 1492 menta
570 1466 803 1503 quaecumque‚
815 1455 924 1489 etiam
942 1453 1163 1490 Cancellarii
1176 1478 1187 1496 ‚
1205 1451 1243 1490 <⁷5
1258 1451 1337 1488 aliae
1350 1461 1573 1497 quaecumque
1593 1454 1740 1498 expedit

435 1508 548 1544 tiones
557 1507 678 1553 gratis
699 1507 830 1542 dentur
845 1531 857 1550 ‚
886 1506 995 1541 etiam
1009 1505 1111 1551 copiae
1129 1503 1300 1539 Afforum
1315 1528 1327 1546 ‚
1340 1500 1670 1547 trasmittendorum
1697 1506 1745 1540 ad

436 1559 587 1607 Judices
610 1560 656 1594 ad
670 1569 775 1605 quos:
798 1556 834 1596 ἐῢ
849 1558 963 1604 quoad
975 1556 1186 1604 qualitatem
1205 1556 1431 1602 paupertatis
1444 1578 1456 1597 ,
1473 1553 1542 1588 haec
1546 1552 1743 1600 summarie

435 1611 660 1658 cognoscatur
676 1619 742 1656 per
757 1608 859 1655 testes
871 1634 882 1651 ‚
904 1610 1025 1653 gratis
1037 1609 1146 1642 etiam
1159 1607 1408 1642 examinandos
1421 1631 1432 1648 ‚
1457 1603 1496 1644 ἐς
1511 1606 1553 1639 de
1568 1617 1607 1640 ea
1626 1606 1744 1654 stetur

433 1662 587 1697 arbitrio
607 1657 710 1707 ipsius
727 1660 943 1701 Ordinarii‚
967 1657 1005 1697 ἐς
1019 1659 1164 1705 Judicis
1177 1684 1188 1701 ‚
1201 1658 1299 1702 serio*
1315 1658 1487 1691 onerando
1499 1657 1742 1702 conscientiam

436 1714 716 1750 Ordinariorum
732 1738 744 1756 ‚
770 1709 808 1750 ἐς
833 1710 1003 1758 Judicum
1026 1711 1065 1744 iu
1079 1720 1116 1744 re
1141 1719 1216 1743 tam
1224 1709 1335 1753 gravi
1348 1733 1360 1751 ,
1388 1708 1431 1741 de
1450 1719 1519 1754 qua
1530 1707 1743 1754 specialiter

433 1765 518 1801 ffDeo
542 1765 605 1814 ipsi
625 1767 800 1799 rationem
815 1771 920 1797 erunt
936 1761 1140 1802 reddituri,
1162 1759 1260 1794 ultra
1275 1760 1462 1803 condignas
1480 1768 1600 1805 poenas
1621 1771 1742 1796 contra

431 1816 694 1862 inobservantes
711 1841 723 1858 ‚
737 1813 948 1851 relaxandas
972 1812 1125 1847 arbitrio
1135 1810 1354 1846 Sanfiitatis
1367 1811 1452 1845 Suae
1467 1823 1484 1848 3
1509 1812 1666 1859 quodque
1682 1814 1743 1847 de-

432 1878 568 1904 cretum
577 1868 728 1914 servari
739 1866 862 1902 debeat
875 1867 912 1900 in
928 1873 1143 1911 quacumque
1158 1862 1270 1898 Curia
1285 1862 1562 1898 Ordinariorum
1575 1887 1587 1905 ‚
1603 1865 1742 1900 Metro-

427 1920 665 1969 politanorum
677 1945 689 1964 ,
714 1917 752 1958 &¹
780 1926 1070 1966 quorumcumque
1092 1915 1264 1963 Judicum
1279 1913 1550 1960 appellationum
1564 1939 1576 1958 ‚
1604 1917 1742 1951 etiam..-

431 1972 663 2010 Nunciorum
685 1969 964 2019 Apostolicorum
982 1993 994 2012 ‚
1019 1965 1057 2007 ἐς
1084 1968 1124 2003 in
1151 1977 1365 2015 quacumque
1387 1966 1464 2003 Cau
1481 1978 1500 2001 a
1514 1975 1589 2001 tam
1612 1967 1739 2011 civili,

431 2024 536 2073 quam
555 2022 736 2060 criminali
755 2049 765 2059 .

545 2075 731 2112 Similiter
751 2100 763 2119 ‚
787 2082 828 2109 ut
853 2072 951 2120 satis
974 2072 1210 2120 provideatur
1235 2071 1452 2120 pauperibus
1481 2071 1709 2118 litigantibus
1725 2097 1737 2116 ‚

427 2134 536 2176 prout
550 2127 768 2174 summopere
780 2124 1028 2172 Ecclesiasticos
1039 2125 1188 2173 Judices
1201 2126 1299 2161 decet
1315 2151 1327 2170 ,
1342 2125 1526 2161 Sanfft'itas
1539 2126 1617 2160 Sua
1631 2134 1736 2159 man-

431 2180 494 2216 dat
509 2205 521 2224 ,
544 2181 583 2215 in
607 2178 874 2226 quibuscumque
892 2176 1111 2224 supradiffis
1128 2178 1250 2214 Curiis
1276 2179 1443 2224 deputari
1462 2177 1738 2213 Procuratorem

428 2229 686 2278 pauperum&
698 2228 925 2266 Advocatum
938 2234 951 2250 ³
962 2254 975 2273 ‚
989 2230 1051 2277 qui
1063 2230 1112 2264 iis
1125 2228 1272 2276 affiftant
1285 2231 1325 2265 in
1339 2228 1602 2278 quibuscumque
1616 2224 1739 2270 Causis

429 2283 611 2320 Civilibus
625 2308 636 2326 ,
651 2280 690 2321 ᾤ’
701 2280 960 2318 Criminalibus
972 2306 985 2325 ‚
1013 2282 1110 2317 viros
1124 2283 1264 2327 pietate
1278 2306 1290 2325 ‚
1309 2279 1348 2320 ἐῢ·
1361 2281 1516 2316 άοΐὲνὶπα
1527 2277 1733 2326 praestantes

430 2347 506 2371 cum
525 2334 744 2382 assignatione
757 2333 908 2378 alicujus
923 2334 1104 2377 mercedis,
1111 2330 1149 2377 si
1157 2331 1402 2380 poffibileforet
1416 2358 1428 2375 ‚
1452 2330 1491 2369 <25
1504 2332 1546 2366 de
1557 2333 1601 2366 iis
1616 2330 1735 2366 eleHis

429 2387 600 2424 habeatur
613 2386 705 2422 ratio
728 2386 767 2422 in
786 2384 1039 2434 provisionibus
1052 2384 1298 2430 beneficiorum
1310 2410 1323 2429 ‚
1345 2382 1383 2423 ἐῢ·
1395 2386 1432 2420 iu
1445 2382 1731 2432 attestationibus

1599 2434 1741 2481 facien-
