2043 2958
418 223 520 279 Α142
891 206 1264 268 ΑΡΡΕΝοως

1043 313 1128 355 IV.

575 402 1591 473 CONSTITUTIO

508 526 1011 573 SANCTISSIMI
1048 530 1337 569 DOMINI
1374 527 1649 573 NOSTRI

417 623 1082 710 BENEDICTI
1125 627 1451 712 PAPAE
1488 629 1727 710 XIII.

413 769 699 822 Abbatibus
719 771 1053 842 Regularibus
1079 776 1336 841 perpetuis
1349 809 1366 832 ,
1385 777 1535 826 etiam
1552 773 1732 823 solum-

483 843 631 890 modo
647 848 830 893 ratione
849 843 1574 913 administrationis,injungenS‚
1587 860 1731 912 atque

480 912 799 978 praescribens
819 950 836 972 ‚
871 929 925 963 ut
942 912 1070 962 infra
1086 931 1265 961 annum
1297 933 1320 962 a
1340 915 1418 963 die
1439 934 1610 965 eorum
1628 915 1728 964 ele-

478 982 654 1030 &ionis
689 983 1031 1049 Episcopalem
1066 981 1457 1032 benediRionem
1488 985 1726 1052 suscipere

478 1064 764 1100 teneantur.
806 1053 942 1102 Cum
971 1051 1078 1099 aliis
1108 1049 1499 1103 ordinationibus
1518 1089 1536 1112 ,
1570 1056 1621 1105 ὅτ.
1643 1056 1726 1104 de-

473 1121 806 1192 rogationibus
824 1124 1118 1191 opportunis
1139 1158 1150 1168 .

718 1245 798 1285 Cit.
815 1247 890 1284 Tit.
904 1247 980 1286 JV.
1009 1246 1099 1295 Cap.
1116 1246 1222 1285 Dm'c.
1241 1254 1327 1294 pag.
1348 1258 1409 1294 19.

422 1352 1703 1450 BENEDICTUS

624 1491 683 1552 Ε
729 1491 782 1552 Ρ
829 1491 860 1552 Ι
908 1489 954 1555 S
1003 1490 1066 1555 C
1115 1491 1184 1555 O
1236 1492 1289 1553 P
1337 1492 1401 1556 U
1449 1492 1495 1556 S

512 1608 857 1661 SERVUS
913 1609 1418 1662 SERVORUM
1470 1611 1655 1662 DEI,

682 1714 768 1763 Ad
780 1730 1039 1783 perpetuam
1066 1719 1136 1763 rei
1153 1720 1403 1765 memoriam
1421 1752 1431 1762 .

106 1843 163 1877 Ad
176 1841 313 1876 mm.
337 1843 384 1875 De
552 1831 597 1879 ,O
612 1845 642 1872 M
658 1845 687 1872 M
702 1846 713 1871 1
731 1846 747 1873 s
761 1845 806 1874 si
831 1833 955 1873 Nobis
982 1833 1137 1872 coelitus
1155 1833 1371 1884 Apostolici
1396 1832 1603 1871 Ministerii
1631 1831 1720 1871 soli-

97 1889 204 1936 fisppl.
230 1887 382 1926 negligen.
574 1882 706 1925 citudo
728 1886 810 1925 Nos
822 1886 1009 1925 admonet
1023 1913 1035 1931 ‚
1058 1894 1099 1924 ut
1114 1886 1290 1925 omnium
1306 1883 1461 1935 quidem
1476 1884 1717 1924 christifide-

106 1937 153 1962 na
167 1930 331 1963 Praelator.
573 1937 669 1976 lium
682 1946 884 1988 paternam
899 1949 1076 1988 geramus
1088 1949 1222 1975 curam
1234 1966 1245 1984 ,
1262 1937 1324 1976 sed
1339 1949 1472 1975 eorum
1488 1937 1690 1986 praesertim
1706 1963 1718 1981 ‚

404 1987 469 2038 qui
485 1992 722 2039 contemptis
745 1990 938 2029 illecebris
966 1989 1079 2028 seculi
1096 1989 1159 2027 sub
1174 1990 1278 2029 suavi
1292 1988 1605 2038 Religionisjugo
1618 1988 1719 2027 divi-

404 2040 463 2079 nis
476 2039 548 2078 sese
559 2040 748 2090 obsequiis
762 2042 1035 2091 manciparunt
1053 2069 1063 2086 ‚
1076 2041 1255 2091 prospero
1268 2040 1380 2079 statui
1399 2068 1411 2087 ‚
1429 2041 1644 2090 salubrique
1659 2038 1717 2076 di-

404 2093 567 2130 rediioni
582 2119 594 2138 ,
617 2101 808 2141 quantum
822 2094 946 2132 Nobis
958 2094 1004 2133 ab
1019 2094 1120 2131 Alto
1132 2092 1357 2132 conceditur
1371 2120 1383 2140 ‚
1409 2093 1620 2142 prospicere
1641 2092 1717 2129 stu-

404 2144 566 2183 deamus
592 2172 603 2190 ‚
634 2143 671 2182 &
695 2146 722 2183 fi
742 2145 836 2195 quid
859 2147 898 2186 in
923 2145 1092 2198 regulari
1118 2144 1314 2196 disciplina
1341 2145 1604 2184 inordinatum
1622 2170 1637 2200 .’
1676 2143 1715 2181 δί

404 2196 588 2236 absonum
602 2224 614 2242 ‚
628 2197 690 2235 vel
702 2208 725 2236 a
739 2197 932 2237 sacrarum
948 2199 1093 2249 Legum
1108 2196 1212 2236 sensu
1225 2198 1399 2237 alienum
1415 2197 1452 2234 in
1462 2206 1520 2234 ter
1539 2207 1603 2233 eos
1619 2205 1716 2232 irre-

403 2249 508 2298 pfiffe
521 2247 734 2289 constiterit
749 2277 760 2295 ‚
787 2249 998 2290 Pontificiae
1023 2249 1272 2300 providentia:
1287 2278 1298 2296 ‚
1327 2249 1365 2289 δε
1379 2245 1626 2287 authoritatis
1639 2257 1712 2294 ope

404 2301 631 2340 submovere
645 2329 655 2346 ‚
677 2313 722 2340 ac
738 2302 758 2340 ὲ
771 2303 899 2341 medio
914 2304 1052 2342 tollere
1065 2302 1284 2352 satagamus
1297 2329 1310 2348 ,
1336 2309 1521 2350 quatenus
1537 2298 1605 2346 ipfi
1623 2306 1716 2334 vota

406 2354 468 2391 sua
482 2353 658 2391 Domino
679 2354 835 2393 reddere
853 2355 889 2393 in
907 2356 1106 2394 sanctitate
1121 2380 1134 2400 ‚
1156 2354 1370 2400 &justitia,
1387 2350 1482 2391 acin
1496 2362 1538 2387 ea
1558 2376 1568 2395 ‚
1596 2360 1712 2438 qualm

1633 2411 1652 2437 e
1671 2411 1712 2438 c-
