<?xml version="1.0" encoding="UTF-8"?>
<!DOCTYPE html PUBLIC "-//W3C//DTD XHTML 1.0 Transitional//EN"
    "http://www.w3.org/TR/xhtml1/DTD/xhtml1-transitional.dtd">
<html xmlns="http://www.w3.org/1999/xhtml" xml:lang="en" lang="en">
 <head>
  <title>
</title>
<meta http-equiv="Content-Type" content="text/html;charset=utf-8" />
  <meta name='ocr-system' content='tesseract 3.04.00' />
  <meta name='ocr-capabilities' content='ocr_page ocr_carea ocr_par ocr_line ocrx_word'/>
</head>
<body>
  <div class='ocr_page' id='page_1' title='image "./conciliumromanum00cath_0178.png"; bbox 0 0 2043 2958; ppageno 0'>
   <div class='ocr_carea' id='block_1_1' title="bbox 135 636 424 965">
    <p class='ocr_par' dir='ltr' id='par_1_1' title="bbox 135 636 424 965">
     <span class='ocr_line' id='line_1_1' title="bbox 172 636 424 669; baseline -0.004 0"><span class='ocrx_word' id='word_1_1' title='bbox 172 636 424 669; x_wconf 69' lang='lat' dir='ltr'>Constitutionis</span> 
     </span>
     <span class='ocr_line' id='line_1_2' title="bbox 140 681 423 721; baseline -0.007 -9"><span class='ocrx_word' id='word_1_2' title='bbox 140 684 236 721; x_wconf 86' lang='lat' dir='ltr'>hujus</span> <span class='ocrx_word' id='word_1_3' title='bbox 270 681 398 711; x_wconf 80' lang='lat' dir='ltr'>motiva</span> <span class='ocrx_word' id='word_1_4' title='bbox 415 702 423 714; x_wconf 94' lang='lat'>,</span> 
     </span>
     <span class='ocr_line' id='line_1_3' title="bbox 137 722 423 760; baseline -0.01 -5"><span class='ocrx_word' id='word_1_5' title='bbox 137 725 224 760; x_wconf 76' lang='lat' dir='ltr'>lites,</span> <span class='ocrx_word' id='word_1_6' title='bbox 246 722 278 752; x_wconf 74' lang='grc' dir='ltr'>δι</span> <span class='ocrx_word' id='word_1_7' title='bbox 290 731 423 754; x_wconf 85' lang='lat' dir='ltr'>contro-</span> 
     </span>
     <span class='ocr_line' id='line_1_4' title="bbox 148 764 421 799; baseline -0.004 -3"><span class='ocrx_word' id='word_1_8' title='bbox 148 766 251 799; x_wconf 81' lang='lat' dir='ltr'>versiae</span> <span class='ocrx_word' id='word_1_9' title='bbox 266 764 349 796; x_wconf 86' lang='lat' dir='ltr'>inter</span> <span class='ocrx_word' id='word_1_10' title='bbox 362 766 421 796; x_wconf 79' lang='lat' dir='ltr'>Pa—</span> 
     </span>
     <span class='ocr_line' id='line_1_5' title="bbox 141 808 421 843; baseline -0.004 -4"><span class='ocrx_word' id='word_1_11' title='bbox 141 809 255 839; x_wconf 84' lang='lat' dir='ltr'>rochos</span> <span class='ocrx_word' id='word_1_12' title='bbox 270 828 281 843; x_wconf 85' lang='lat'><em>‚</em></span> <span class='ocrx_word' id='word_1_13' title='bbox 310 808 340 837; x_wconf 86' lang='lat'>&amp;</span> <span class='ocrx_word' id='word_1_14' title='bbox 355 809 421 838; x_wconf 87' lang='lat' dir='ltr'>Re·</span> 
     </span>
     <span class='ocr_line' id='line_1_6' title="bbox 141 848 401 891; baseline 0 -12"><span class='ocrx_word' id='word_1_15' title='bbox 141 852 268 891; x_wconf 76' lang='lat' dir='ltr'>gulares</span> <span class='ocrx_word' id='word_1_16' title='bbox 309 848 401 888; x_wconf 81' lang='lat' dir='ltr'>super</span> 
     </span>
     <span class='ocr_line' id='line_1_7' title="bbox 142 891 420 933; baseline 0 -11"><span class='ocrx_word' id='word_1_17' title='bbox 142 894 265 933; x_wconf 80' lang='lat' dir='ltr'>Qarta</span> <span class='ocrx_word' id='word_1_18' title='bbox 277 891 420 923; x_wconf 83' lang='lat' dir='ltr'>Funera-</span> 
     </span>
     <span class='ocr_line' id='line_1_8' title="bbox 135 933 241 965; baseline 0.028 -3"><span class='ocrx_word' id='word_1_19' title='bbox 135 933 215 964; x_wconf 83' lang='lat' dir='ltr'>lium</span> <span class='ocrx_word' id='word_1_20' title='bbox 230 953 241 965; x_wconf 70' lang='lat'><em>0</em></span> 
     </span>
    </p>
   </div>
   <div class='ocr_carea' id='block_1_2' title="bbox 452 215 1289 278">
    <p class='ocr_par' dir='ltr' id='par_1_2' title="bbox 452 215 1289 278">
     <span class='ocr_line' id='line_1_9' title="bbox 452 215 1289 278; baseline 0 -14"><span class='ocrx_word' id='word_1_21' title='bbox 452 231 542 278; x_wconf 83' lang='lat'>152</span> <span class='ocrx_word' id='word_1_22' title='bbox 917 215 1289 264; x_wconf 65' lang='lat' dir='ltr'>Afpanxx</span> 
     </span>
    </p>
   </div>
   <div class='ocr_carea' id='block_1_3' title="bbox 435 285 1757 2353">
    <p class='ocr_par' dir='ltr' id='par_1_3' title="bbox 446 285 1757 597">
     <span class='ocr_line' id='line_1_10' title="bbox 448 285 1749 337; baseline 0.002 -12"><span class='ocrx_word' id='word_1_23' title='bbox 448 296 491 325; x_wconf 87' lang='lat' dir='ltr'>iit</span> <span class='ocrx_word' id='word_1_24' title='bbox 513 298 669 337; x_wconf 83' lang='lat' dir='ltr'>pacem,</span> <span class='ocrx_word' id='word_1_25' title='bbox 698 299 742 326; x_wconf 81' lang='lat' dir='ltr'>ac</span> <span class='ocrx_word' id='word_1_26' title='bbox 770 286 962 325; x_wconf 84' lang='lat' dir='ltr'>unitatem</span> <span class='ocrx_word' id='word_1_27' title='bbox 987 286 1151 336; x_wconf 81' lang='lat' dir='ltr'>diligant</span> <span class='ocrx_word' id='word_1_28' title='bbox 1167 315 1180 333; x_wconf 91' lang='lat'>‚</span> <span class='ocrx_word' id='word_1_29' title='bbox 1203 285 1425 332; x_wconf 87' lang='lat' dir='ltr'>moderari,</span> <span class='ocrx_word' id='word_1_30' title='bbox 1452 287 1491 326; x_wconf 63' lang='grc' dir='ltr'>ὃς</span> <span class='ocrx_word' id='word_1_31' title='bbox 1516 287 1722 327; x_wconf 82' lang='lat' dir='ltr'>immutare</span> <span class='ocrx_word' id='word_1_32' title='bbox 1738 312 1749 331; x_wconf 87' lang='lat'>‚</span> 
     </span>
     <span class='ocr_line' id='line_1_11' title="bbox 446 337 1752 390; baseline 0.001 -13"><span class='ocrx_word' id='word_1_33' title='bbox 446 339 613 390; x_wconf 84' lang='lat' dir='ltr'>aliasque</span> <span class='ocrx_word' id='word_1_34' title='bbox 626 339 830 377; x_wconf 82' lang='lat' dir='ltr'>Pastoralis</span> <span class='ocrx_word' id='word_1_35' title='bbox 842 338 976 377; x_wconf 75' lang='lat' dir='ltr'>Officii</span> <span class='ocrx_word' id='word_1_36' title='bbox 990 339 1042 376; x_wconf 88' lang='lat' dir='ltr'>sui</span> <span class='ocrx_word' id='word_1_37' title='bbox 1058 347 1183 388; x_wconf 87' lang='lat' dir='ltr'>partes</span> <span class='ocrx_word' id='word_1_38' title='bbox 1196 338 1352 387; x_wconf 88' lang='lat' dir='ltr'><strong>desuper</strong></span> <span class='ocrx_word' id='word_1_39' title='bbox 1368 337 1614 387; x_wconf 81' lang='lat' dir='ltr'>interponere</span> <span class='ocrx_word' id='word_1_40' title='bbox 1631 341 1724 378; x_wconf 89' lang='lat' dir='ltr'>solet</span> <span class='ocrx_word' id='word_1_41' title='bbox 1740 366 1752 385; x_wconf 92' lang='lat'>‚</span> 
     </span>
     <span class='ocr_line' id='line_1_12' title="bbox 448 391 1754 443; baseline -0.001 -14"><span class='ocrx_word' id='word_1_42' title='bbox 448 403 575 443; x_wconf 83' lang='lat' dir='ltr'>prout,</span> <span class='ocrx_word' id='word_1_43' title='bbox 595 403 721 430; x_wconf 87' lang='lat' dir='ltr'>rerum</span> <span class='ocrx_word' id='word_1_44' title='bbox 737 419 747 436; x_wconf 93' lang='lat'>‚</span> <span class='ocrx_word' id='word_1_45' title='bbox 764 392 940 430; x_wconf 90' lang='lat' dir='ltr'>locorum</span> <span class='ocrx_word' id='word_1_46' title='bbox 957 417 969 436; x_wconf 91' lang='lat'>‚</span> <span class='ocrx_word' id='word_1_47' title='bbox 986 399 1280 440; x_wconf 85' lang='lat' dir='ltr'>temporumque</span> <span class='ocrx_word' id='word_1_48' title='bbox 1294 391 1586 430; x_wconf 85' lang='lat' dir='ltr'>circumstantiis</span> <span class='ocrx_word' id='word_1_49' title='bbox 1602 392 1754 430; x_wconf 79' lang='lat' dir='ltr'>mature</span> 
     </span>
     <span class='ocr_line' id='line_1_13' title="bbox 449 442 1757 494; baseline -0.002 -11"><span class='ocrx_word' id='word_1_50' title='bbox 449 442 614 494; x_wconf 82' lang='lat' dir='ltr'>pensatis</span> <span class='ocrx_word' id='word_1_51' title='bbox 627 471 637 489; x_wconf 92' lang='lat'>‚</span> <span class='ocrx_word' id='word_1_52' title='bbox 651 443 929 482; x_wconf 81' lang='lat' dir='ltr'>discordiarum</span> <span class='ocrx_word' id='word_1_53' title='bbox 941 442 1184 486; x_wconf 65' lang='lat' dir='ltr'>extinctioni,</span> <span class='ocrx_word' id='word_1_54' title='bbox 1198 442 1543 482; x_wconf 82' lang='lat' dir='ltr'>Eccleliastieorum</span> <span class='ocrx_word' id='word_1_55' title='bbox 1558 443 1757 482; x_wconf 86' lang='lat' dir='ltr'>Ministro-</span> 
     </span>
     <span class='ocr_line' id='line_1_14' title="bbox 448 492 1757 547; baseline -0.002 -13"><span class='ocrx_word' id='word_1_56' title='bbox 448 508 534 535; x_wconf 88' lang='lat' dir='ltr'>rum</span> <span class='ocrx_word' id='word_1_57' title='bbox 551 496 695 547; x_wconf 89' lang='lat' dir='ltr'>quieti,</span> <span class='ocrx_word' id='word_1_58' title='bbox 710 494 881 534; x_wconf 86' lang='lat' dir='ltr'>fidelium</span> <span class='ocrx_word' id='word_1_59' title='bbox 899 495 1135 535; x_wconf 89' lang='lat' dir='ltr'>Animarum</span> <span class='ocrx_word' id='word_1_60' title='bbox 1149 492 1259 533; x_wconf 84' lang='lat' dir='ltr'>saluti</span> <span class='ocrx_word' id='word_1_61' title='bbox 1274 521 1287 540; x_wconf 89' lang='lat'><em>‚</em></span> <span class='ocrx_word' id='word_1_62' title='bbox 1301 493 1510 546; x_wconf 83' lang='lat' dir='ltr'>divinoque</span> <span class='ocrx_word' id='word_1_63' title='bbox 1526 493 1645 533; x_wconf 89' lang='lat' dir='ltr'>cultui</span> <span class='ocrx_word' id='word_1_64' title='bbox 1660 507 1757 533; x_wconf 85' lang='lat' dir='ltr'>con-</span> 
     </span>
     <span class='ocr_line' id='line_1_15' title="bbox 447 546 987 597; baseline 0.004 -14"><span class='ocrx_word' id='word_1_65' title='bbox 447 546 554 597; x_wconf 87' lang='lat' dir='ltr'>spicit</span> <span class='ocrx_word' id='word_1_66' title='bbox 570 547 769 587; x_wconf 84' lang='lat' dir='ltr'>salubriter</span> <span class='ocrx_word' id='word_1_67' title='bbox 781 547 963 597; x_wconf 84' lang='lat' dir='ltr'>expedire</span> <span class='ocrx_word' id='word_1_68' title='bbox 977 575 987 585; x_wconf 85' lang='lat'><strong>.</strong></span> 
     </span>
    </p>

    <p class='ocr_par' dir='ltr' id='par_1_4' title="bbox 435 597 1757 2353">
     <span class='ocr_line' id='line_1_16' title="bbox 554 597 1756 650; baseline -0.003 -11"><span class='ocrx_word' id='word_1_69' title='bbox 554 599 651 639; x_wconf 80' lang='lat' dir='ltr'>Sane</span> <span class='ocrx_word' id='word_1_70' title='bbox 665 601 910 650; x_wconf 85' lang='lat' dir='ltr'>quamplures</span> <span class='ocrx_word' id='word_1_71' title='bbox 926 599 1091 638; x_wconf 86' lang='lat' dir='ltr'>Romani</span> <span class='ocrx_word' id='word_1_72' title='bbox 1108 599 1315 638; x_wconf 87' lang='lat' dir='ltr'>Pontifices</span> <span class='ocrx_word' id='word_1_73' title='bbox 1329 598 1614 639; x_wconf 74' lang='lat' dir='ltr'>Praedecess&#39;ores</span> <span class='ocrx_word' id='word_1_74' title='bbox 1626 597 1756 637; x_wconf 87' lang='lat' dir='ltr'>Nostri</span> 
     </span>
     <span class='ocr_line' id='line_1_17' title="bbox 449 648 1756 702; baseline -0.005 -10"><span class='ocrx_word' id='word_1_75' title='bbox 449 650 682 701; x_wconf 78' lang='lat' dir='ltr'>multiplicia</span> <span class='ocrx_word' id='word_1_76' title='bbox 697 677 709 696; x_wconf 89' lang='lat'>,</span> <span class='ocrx_word' id='word_1_77' title='bbox 732 663 775 690; x_wconf 85' lang='lat' dir='ltr'>ac</span> <span class='ocrx_word' id='word_1_78' title='bbox 793 652 905 702; x_wconf 74' lang='lat' dir='ltr'>plan&#39;e</span> <span class='ocrx_word' id='word_1_79' title='bbox 921 651 1083 702; x_wconf 72' lang='lat' dir='ltr'>insignia</span> <span class='ocrx_word' id='word_1_80' title='bbox 1108 653 1394 690; x_wconf 83' lang='lat' dir='ltr'>considerantes</span> <span class='ocrx_word' id='word_1_81' title='bbox 1407 652 1544 690; x_wconf 84' lang='lat' dir='ltr'>merita</span> <span class='ocrx_word' id='word_1_82' title='bbox 1557 648 1756 690; x_wconf 87' lang='lat' dir='ltr'>Ordinum</span> 
     </span>
     <span class='ocr_line' id='line_1_18' title="bbox 450 701 1753 755; baseline -0.005 -11"><span class='ocrx_word' id='word_1_83' title='bbox 450 703 698 755; x_wconf 83' lang='lat' dir='ltr'>Regularium</span> <span class='ocrx_word' id='word_1_84' title='bbox 715 731 726 749; x_wconf 92' lang='lat'>‚</span> <span class='ocrx_word' id='word_1_85' title='bbox 749 705 813 754; x_wconf 91' lang='lat' dir='ltr'>qui</span> <span class='ocrx_word' id='word_1_86' title='bbox 837 703 1076 743; x_wconf 81' lang='lat' dir='ltr'>militantem</span> <span class='ocrx_word' id='word_1_87' title='bbox 1104 703 1144 741; x_wconf 89' lang='lat' dir='ltr'>in</span> <span class='ocrx_word' id='word_1_88' title='bbox 1169 701 1284 742; x_wconf 89' lang='lat' dir='ltr'>terris</span> <span class='ocrx_word' id='word_1_89' title='bbox 1308 704 1517 743; x_wconf 85' lang='lat' dir='ltr'>Ecclesiam</span> <span class='ocrx_word' id='word_1_90' title='bbox 1540 701 1753 741; x_wconf 86' lang='lat' dir='ltr'>fortiffimis</span> 
     </span>
     <span class='ocr_line' id='line_1_19' title="bbox 450 753 1756 807; baseline -0.005 -10"><span class='ocrx_word' id='word_1_91' title='bbox 450 757 558 797; x_wconf 90' lang='lat' dir='ltr'>omni</span> <span class='ocrx_word' id='word_1_92' title='bbox 570 764 744 807; x_wconf 85' lang='lat' dir='ltr'>tempore</span> <span class='ocrx_word' id='word_1_93' title='bbox 757 765 945 795; x_wconf 84' lang='lat' dir='ltr'>auxerunt</span> <span class='ocrx_word' id='word_1_94' title='bbox 961 753 1152 804; x_wconf 84' lang='lat' dir='ltr'>praefidiis,</span> <span class='ocrx_word' id='word_1_95' title='bbox 1165 755 1272 794; x_wconf 89' lang='lat' dir='ltr'>Viris</span> <span class='ocrx_word' id='word_1_96' title='bbox 1290 768 1428 807; x_wconf 86' lang='lat' dir='ltr'>nempe</span> <span class='ocrx_word' id='word_1_97' title='bbox 1440 759 1526 795; x_wconf 78' lang='lat' dir='ltr'>vitae</span> <span class='ocrx_word' id='word_1_98' title='bbox 1541 754 1756 798; x_wconf 69' lang='lat' dir='ltr'>sanctitate,</span> 
     </span>
     <span class='ocr_line' id='line_1_20' title="bbox 449 807 1757 858; baseline -0.004 -10"><span class='ocrx_word' id='word_1_99' title='bbox 449 810 630 848; x_wconf 73' lang='lat' dir='ltr'>doeh-inae</span> <span class='ocrx_word' id='word_1_100' title='bbox 651 807 764 846; x_wconf 84' lang='lat' dir='ltr'>laude</span> <span class='ocrx_word' id='word_1_101' title='bbox 778 836 790 855; x_wconf 92' lang='lat'><strong>,</strong></span> <span class='ocrx_word' id='word_1_102' title='bbox 818 821 864 846; x_wconf 74' lang='lat' dir='ltr'>acv</span> <span class='ocrx_word' id='word_1_103' title='bbox 877 807 1114 846; x_wconf 83' lang='lat' dir='ltr'>Orthodoxae</span> <span class='ocrx_word' id='word_1_104' title='bbox 1131 807 1342 857; x_wconf 81' lang='lat' dir='ltr'>Religionis</span> <span class='ocrx_word' id='word_1_105' title='bbox 1357 810 1443 847; x_wconf 86' lang='lat' dir='ltr'>zelo</span> <span class='ocrx_word' id='word_1_106' title='bbox 1468 807 1727 858; x_wconf 78' lang='lat' dir='ltr'>praestantibus</span> <span class='ocrx_word' id='word_1_107' title='bbox 1745 832 1757 851; x_wconf 89' lang='lat'>‚</span> 
     </span>
     <span class='ocr_line' id='line_1_21' title="bbox 449 858 1756 910; baseline -0.005 -9"><span class='ocrx_word' id='word_1_108' title='bbox 449 861 654 910; x_wconf 84' lang='lat' dir='ltr'>eidemque</span> <span class='ocrx_word' id='word_1_109' title='bbox 682 860 721 896; x_wconf 92' lang='lat' dir='ltr'>in</span> <span class='ocrx_word' id='word_1_110' title='bbox 743 861 866 898; x_wconf 88' lang='lat' dir='ltr'>Coelis</span> <span class='ocrx_word' id='word_1_111' title='bbox 878 858 1135 907; x_wconf 85' lang='lat' dir='ltr'>triumphanti</span> <span class='ocrx_word' id='word_1_112' title='bbox 1159 858 1297 896; x_wconf 85' lang='lat' dir='ltr'>eximii</span> <span class='ocrx_word' id='word_1_113' title='bbox 1312 860 1629 910; x_wconf 83' lang='lat' dir='ltr'>fulgorislumina</span> <span class='ocrx_word' id='word_1_114' title='bbox 1642 858 1756 896; x_wconf 86' lang='lat' dir='ltr'>addi-</span> 
     </span>
     <span class='ocr_line' id='line_1_22' title="bbox 447 907 1752 960; baseline -0.005 -8"><span class='ocrx_word' id='word_1_115' title='bbox 447 913 585 952; x_wconf 87' lang='lat' dir='ltr'>derunt</span> <span class='ocrx_word' id='word_1_116' title='bbox 604 938 615 956; x_wconf 88' lang='lat'><strong><em>,</em></strong></span> <span class='ocrx_word' id='word_1_117' title='bbox 643 910 739 960; x_wconf 90' lang='lat' dir='ltr'>ipsos</span> <span class='ocrx_word' id='word_1_118' title='bbox 755 908 925 949; x_wconf 85' lang='lat' dir='ltr'>Ordines</span> <span class='ocrx_word' id='word_1_119' title='bbox 942 937 953 953; x_wconf 91' lang='lat'>‚</span> <span class='ocrx_word' id='word_1_120' title='bbox 981 920 1189 958; x_wconf 88' lang='lat' dir='ltr'>eorumque</span> <span class='ocrx_word' id='word_1_121' title='bbox 1204 909 1426 947; x_wconf 66' lang='lat' dir='ltr'>Pror‘effores</span> <span class='ocrx_word' id='word_1_122' title='bbox 1440 938 1451 957; x_wconf 89' lang='lat'>‚</span> <span class='ocrx_word' id='word_1_123' title='bbox 1476 911 1647 959; x_wconf 86' lang='lat' dir='ltr'>plurimis</span> <span class='ocrx_word' id='word_1_124' title='bbox 1662 907 1752 946; x_wconf 84' lang='lat' dir='ltr'>satis</span> 
     </span>
     <span class='ocr_line' id='line_1_23' title="bbox 448 959 1753 1014; baseline -0.006 -10"><span class='ocrx_word' id='word_1_125' title='bbox 448 965 586 1014; x_wconf 87' lang='lat' dir='ltr'>amplis</span> <span class='ocrx_word' id='word_1_126' title='bbox 612 963 773 1001; x_wconf 89' lang='lat' dir='ltr'>indultis</span> <span class='ocrx_word' id='word_1_127' title='bbox 787 989 798 1007; x_wconf 90' lang='lat'>‚</span> <span class='ocrx_word' id='word_1_128' title='bbox 826 961 864 998; x_wconf 73' lang='grc' dir='ltr'>ὃ(</span> <span class='ocrx_word' id='word_1_129' title='bbox 896 959 1106 1010; x_wconf 83' lang='lat' dir='ltr'>privilegiis</span> <span class='ocrx_word' id='word_1_130' title='bbox 1130 961 1297 1011; x_wconf 79' lang='lat' dir='ltr'>benigne</span> <span class='ocrx_word' id='word_1_131' title='bbox 1313 961 1542 1000; x_wconf 89' lang='lat' dir='ltr'>decorarunt</span> <span class='ocrx_word' id='word_1_132' title='bbox 1556 976 1570 1002; x_wconf 82' lang='lat'>,-</span> <span class='ocrx_word' id='word_1_133' title='bbox 1591 973 1634 999; x_wconf 92' lang='lat' dir='ltr'>ac</span> <span class='ocrx_word' id='word_1_134' title='bbox 1649 959 1753 997; x_wconf 90' lang='lat' dir='ltr'>inter</span> 
     </span>
     <span class='ocr_line' id='line_1_24' title="bbox 445 1011 1754 1058; baseline -0.007 -3"><span class='ocrx_word' id='word_1_135' title='bbox 445 1017 522 1055; x_wconf 84' lang='lat' dir='ltr'>alia</span> <span class='ocrx_word' id='word_1_136' title='bbox 534 1016 579 1053; x_wconf 85' lang='lat' dir='ltr'>iis</span> <span class='ocrx_word' id='word_1_137' title='bbox 595 1013 689 1051; x_wconf 91' lang='lat' dir='ltr'>illud</span> <span class='ocrx_word' id='word_1_138' title='bbox 700 1011 979 1054; x_wconf 73' lang='lat' dir='ltr'>concesserunt,</span> <span class='ocrx_word' id='word_1_139' title='bbox 993 1023 1031 1047; x_wconf 70' lang='lat' dir='ltr'>ui</span> <span class='ocrx_word' id='word_1_140' title='bbox 1050 1013 1279 1048; x_wconf 87' lang='lat' dir='ltr'>canonicam</span> <span class='ocrx_word' id='word_1_141' title='bbox 1295 1014 1528 1058; x_wconf 83' lang='lat' dir='ltr'>portionem,</span> <span class='ocrx_word' id='word_1_142' title='bbox 1544 1012 1605 1048; x_wconf 89' lang='lat' dir='ltr'>seu</span> <span class='ocrx_word' id='word_1_143' title='bbox 1667 1022 1754 1047; x_wconf 90' lang='lat' dir='ltr'>uar-</span> 
     </span>
     <span class='ocr_line' id='line_1_25' title="bbox 447 1061 1753 1111; baseline -0.005 -6"><span class='ocrx_word' id='word_1_144' title='bbox 447 1077 532 1106; x_wconf 89' lang='lat' dir='ltr'>tam</span> <span class='ocrx_word' id='word_1_145' title='bbox 556 1064 789 1103; x_wconf 86' lang='lat' dir='ltr'>funeralium</span> <span class='ocrx_word' id='word_1_146' title='bbox 818 1064 1172 1100; x_wconf 86' lang='lat' dir='ltr'>emolumentorum</span> <span class='ocrx_word' id='word_1_147' title='bbox 1193 1071 1341 1109; x_wconf 86' lang='lat' dir='ltr'>partem</span> <span class='ocrx_word' id='word_1_148' title='bbox 1367 1074 1436 1111; x_wconf 86' lang='lat' dir='ltr'>pro</span> <span class='ocrx_word' id='word_1_149' title='bbox 1451 1061 1618 1110; x_wconf 89' lang='lat' dir='ltr'>personis</span> <span class='ocrx_word' id='word_1_150' title='bbox 1633 1088 1644 1105; x_wconf 93' lang='lat'>‚</span> <span class='ocrx_word' id='word_1_151' title='bbox 1672 1073 1753 1110; x_wconf 84' lang='lat' dir='ltr'>quae</span> 
     </span>
     <span class='ocr_line' id='line_1_26' title="bbox 442 1110 1754 1163; baseline -0.007 -6"><span class='ocrx_word' id='word_1_152' title='bbox 442 1121 483 1157; x_wconf 93' lang='lat' dir='ltr'>in</span> <span class='ocrx_word' id='word_1_153' title='bbox 496 1129 633 1156; x_wconf 90' lang='lat' dir='ltr'>eorum</span> <span class='ocrx_word' id='word_1_154' title='bbox 648 1113 826 1154; x_wconf 87' lang='lat' dir='ltr'>Ecclesiis</span> <span class='ocrx_word' id='word_1_155' title='bbox 840 1114 1072 1163; x_wconf 76' lang='lat' dir='ltr'>sepulturam</span> <span class='ocrx_word' id='word_1_156' title='bbox 1095 1112 1162 1150; x_wconf 88' lang='lat' dir='ltr'>fibi</span> <span class='ocrx_word' id='word_1_157' title='bbox 1177 1111 1365 1161; x_wconf 84' lang='lat' dir='ltr'>eligerent</span> <span class='ocrx_word' id='word_1_158' title='bbox 1382 1141 1394 1159; x_wconf 91' lang='lat'>‚</span> <span class='ocrx_word' id='word_1_159' title='bbox 1412 1110 1592 1155; x_wconf 84' lang='lat' dir='ltr'>Parochis</span> <span class='ocrx_word' id='word_1_160' title='bbox 1610 1113 1754 1162; x_wconf 88' lang='lat' dir='ltr'>persol-</span> 
     </span>
     <span class='ocr_line' id='line_1_27' title="bbox 440 1164 1752 1213; baseline -0.007 -4"><span class='ocrx_word' id='word_1_161' title='bbox 440 1182 532 1210; x_wconf 88' lang='lat' dir='ltr'>vere</span> <span class='ocrx_word' id='word_1_162' title='bbox 549 1168 712 1207; x_wconf 82' lang='lat' dir='ltr'>minime</span> <span class='ocrx_word' id='word_1_163' title='bbox 734 1175 960 1204; x_wconf 89' lang='lat' dir='ltr'>tenerentur</span> <span class='ocrx_word' id='word_1_164' title='bbox 974 1179 989 1205; x_wconf 86' lang='lat'>‚·</span> <span class='ocrx_word' id='word_1_165' title='bbox 1017 1177 1061 1202; x_wconf 85' lang='lat' dir='ltr'>ac</span> <span class='ocrx_word' id='word_1_166' title='bbox 1088 1164 1135 1202; x_wconf 91' lang='lat' dir='ltr'>ad</span> <span class='ocrx_word' id='word_1_167' title='bbox 1151 1165 1338 1207; x_wconf 84' lang='lat' dir='ltr'>majorem</span> <span class='ocrx_word' id='word_1_168' title='bbox 1355 1165 1539 1210; x_wconf 84' lang='lat' dir='ltr'>ejusmodi</span> <span class='ocrx_word' id='word_1_169' title='bbox 1555 1164 1752 1213; x_wconf 82' lang='lat' dir='ltr'>Privilegii</span> 
     </span>
     <span class='ocr_line' id='line_1_28' title="bbox 440 1215 1752 1265; baseline -0.005 -6"><span class='ocrx_word' id='word_1_170' title='bbox 440 1221 666 1259; x_wconf 87' lang='lat' dir='ltr'>firmitatem</span> <span class='ocrx_word' id='word_1_171' title='bbox 680 1248 692 1265; x_wconf 87' lang='lat'>‚</span> <span class='ocrx_word' id='word_1_172' title='bbox 721 1218 910 1256; x_wconf 72' lang='lat' dir='ltr'>sanctioni</span> <span class='ocrx_word' id='word_1_173' title='bbox 934 1215 1055 1258; x_wconf 83' lang='lat' dir='ltr'>etiam</span> <span class='ocrx_word' id='word_1_174' title='bbox 1076 1228 1097 1255; x_wconf 87' lang='lat' dir='ltr'>a</span> <span class='ocrx_word' id='word_1_175' title='bbox 1118 1215 1182 1255; x_wconf 88' lang='lat' dir='ltr'>fel.</span> <span class='ocrx_word' id='word_1_176' title='bbox 1200 1227 1275 1254; x_wconf 88' lang='lat' dir='ltr'>rec.</span> <span class='ocrx_word' id='word_1_177' title='bbox 1301 1217 1511 1258; x_wconf 85' lang='lat' dir='ltr'>Clemente</span> <span class='ocrx_word' id='word_1_178' title='bbox 1525 1217 1575 1255; x_wconf 87' lang='lat' dir='ltr'>V.</span> <span class='ocrx_word' id='word_1_179' title='bbox 1603 1216 1752 1254; x_wconf 82' lang='lat' dir='ltr'>Praede-</span> 
     </span>
     <span class='ocr_line' id='line_1_29' title="bbox 440 1267 1750 1315; baseline -0.005 -4"><span class='ocrx_word' id='word_1_180' title='bbox 440 1271 582 1311; x_wconf 80' lang='lat' dir='ltr'>ceffore</span> <span class='ocrx_word' id='word_1_181' title='bbox 594 1271 736 1310; x_wconf 89' lang='lat' dir='ltr'>Nostro</span> <span class='ocrx_word' id='word_1_182' title='bbox 748 1297 759 1315; x_wconf 92' lang='lat'>,</span> <span class='ocrx_word' id='word_1_183' title='bbox 774 1269 885 1308; x_wconf 83' lang='lat' dir='ltr'>editae</span> <span class='ocrx_word' id='word_1_184' title='bbox 897 1270 936 1307; x_wconf 92' lang='lat' dir='ltr'>in</span> <span class='ocrx_word' id='word_1_185' title='bbox 951 1269 1131 1308; x_wconf 88' lang='lat' dir='ltr'>Concilio</span> <span class='ocrx_word' id='word_1_186' title='bbox 1145 1269 1356 1307; x_wconf 81' lang='lat' dir='ltr'>Viennensi</span> <span class='ocrx_word' id='word_1_187' title='bbox 1372 1296 1384 1314; x_wconf 89' lang='lat'>‚</span> <span class='ocrx_word' id='word_1_188' title='bbox 1406 1271 1445 1308; x_wconf 64' lang='grc' dir='ltr'>ὃς</span> <span class='ocrx_word' id='word_1_189' title='bbox 1460 1269 1585 1306; x_wconf 87' lang='lat' dir='ltr'>relatae</span> <span class='ocrx_word' id='word_1_190' title='bbox 1602 1268 1640 1305; x_wconf 91' lang='lat' dir='ltr'>in</span> <span class='ocrx_word' id='word_1_191' title='bbox 1657 1267 1750 1306; x_wconf 85' lang='lat' dir='ltr'>Cle-</span> 
     </span>
     <span class='ocr_line' id='line_1_30' title="bbox 438 1318 1746 1371; baseline -0.006 -8"><span class='ocrx_word' id='word_1_192' title='bbox 438 1323 615 1363; x_wconf 64' lang='lat' dir='ltr'>mentina</span> <span class='ocrx_word' id='word_1_193' title='bbox 641 1325 788 1362; x_wconf 80' lang='lat' dir='ltr'>Dudum</span> <span class='ocrx_word' id='word_1_194' title='bbox 815 1324 857 1359; x_wconf 75' lang='lat' dir='ltr'>cte</span> <span class='ocrx_word' id='word_1_195' title='bbox 878 1324 1088 1371; x_wconf 70' lang='lat' dir='ltr'>sepulturis</span> <span class='ocrx_word' id='word_1_196' title='bbox 1102 1348 1114 1368; x_wconf 88' lang='lat'>,</span> <span class='ocrx_word' id='word_1_197' title='bbox 1141 1332 1299 1360; x_wconf 82' lang='lat' dir='ltr'>necnon</span> <span class='ocrx_word' id='word_1_198' title='bbox 1325 1321 1493 1359; x_wconf 88' lang='lat' dir='ltr'>Concilii</span> <span class='ocrx_word' id='word_1_199' title='bbox 1519 1318 1746 1359; x_wconf 88' lang='lat' dir='ltr'>Tridentini</span> 
     </span>
     <span class='ocr_line' id='line_1_31' title="bbox 438 1370 1748 1423; baseline -0.005 -8"><span class='ocrx_word' id='word_1_200' title='bbox 438 1377 612 1415; x_wconf 87' lang='lat' dir='ltr'>Decreto</span> <span class='ocrx_word' id='word_1_201' title='bbox 625 1403 638 1421; x_wconf 91' lang='lat'>‚</span> <span class='ocrx_word' id='word_1_202' title='bbox 663 1376 786 1413; x_wconf 89' lang='lat' dir='ltr'>relato</span> <span class='ocrx_word' id='word_1_203' title='bbox 799 1373 838 1411; x_wconf 89' lang='lat' dir='ltr'>in</span> <span class='ocrx_word' id='word_1_204' title='bbox 852 1385 926 1422; x_wconf 86' lang='lat' dir='ltr'>cap.</span> <span class='ocrx_word' id='word_1_205' title='bbox 944 1387 1004 1419; x_wconf 81' lang='lat'>13.</span> <span class='ocrx_word' id='word_1_206' title='bbox 1020 1375 1107 1423; x_wconf 78' lang='lat' dir='ltr'>sess.</span> <span class='ocrx_word' id='word_1_207' title='bbox 1125 1385 1185 1418; x_wconf 84' lang='lat'>25·</span> <span class='ocrx_word' id='word_1_208' title='bbox 1212 1375 1253 1408; x_wconf 83' lang='lat' dir='ltr'>de</span> <span class='ocrx_word' id='word_1_209' title='bbox 1267 1370 1447 1419; x_wconf 80' lang='lat' dir='ltr'>refhrmat.</span> <span class='ocrx_word' id='word_1_210' title='bbox 1460 1400 1472 1417; x_wconf 93' lang='lat'>‚</span> <span class='ocrx_word' id='word_1_211' title='bbox 1501 1371 1748 1422; x_wconf 61' lang='lat' dir='ltr'>praedictam</span> 
     </span>
     <span class='ocr_line' id='line_1_32' title="bbox 439 1422 1748 1476; baseline -0.005 -10"><span class='ocrx_word' id='word_1_212' title='bbox 439 1427 634 1476; x_wconf 82' lang='lat' dir='ltr'>Qartam</span> <span class='ocrx_word' id='word_1_213' title='bbox 646 1426 873 1464; x_wconf 84' lang='lat' dir='ltr'>Funeralem</span> <span class='ocrx_word' id='word_1_214' title='bbox 887 1425 1062 1463; x_wconf 85' lang='lat' dir='ltr'>Parocho</span> <span class='ocrx_word' id='word_1_215' title='bbox 1073 1427 1202 1473; x_wconf 81' lang='lat' dir='ltr'>apert&#39;e</span> <span class='ocrx_word' id='word_1_216' title='bbox 1217 1423 1499 1463; x_wconf 85' lang='lat' dir='ltr'>reservantibus</span> <span class='ocrx_word' id='word_1_217' title='bbox 1511 1452 1522 1467; x_wconf 88' lang='lat'>,</span> <span class='ocrx_word' id='word_1_218' title='bbox 1538 1436 1613 1461; x_wconf 92' lang='lat' dir='ltr'>non</span> <span class='ocrx_word' id='word_1_219' title='bbox 1629 1422 1748 1461; x_wconf 89' lang='lat' dir='ltr'>semel</span> 
     </span>
     <span class='ocr_line' id='line_1_33' title="bbox 439 1476 1748 1528; baseline -0.005 -11"><span class='ocrx_word' id='word_1_220' title='bbox 439 1478 668 1528; x_wconf 80' lang='lat' dir='ltr'>ampliffime</span> <span class='ocrx_word' id='word_1_221' title='bbox 680 1478 916 1528; x_wconf 84' lang='lat' dir='ltr'>derogarunt</span> <span class='ocrx_word' id='word_1_222' title='bbox 932 1491 947 1517; x_wconf 74' lang='lat'>5</span> <span class='ocrx_word' id='word_1_223' title='bbox 970 1477 1085 1516; x_wconf 90' lang='lat' dir='ltr'>Unde</span> <span class='ocrx_word' id='word_1_224' title='bbox 1102 1488 1177 1514; x_wconf 90' lang='lat' dir='ltr'>non</span> <span class='ocrx_word' id='word_1_225' title='bbox 1192 1477 1336 1514; x_wconf 85' lang='lat' dir='ltr'>acerbae</span> <span class='ocrx_word' id='word_1_226' title='bbox 1352 1476 1471 1513; x_wconf 80' lang='lat' dir='ltr'>modo</span> <span class='ocrx_word' id='word_1_227' title='bbox 1488 1476 1748 1513; x_wconf 68' lang='lat' dir='ltr'>Pax-ochosum</span> 
     </span>
     <span class='ocr_line' id='line_1_34' title="bbox 437 1527 1749 1580; baseline -0.006 -11"><span class='ocrx_word' id='word_1_228' title='bbox 437 1531 599 1580; x_wconf 84' lang='lat' dir='ltr'>querelae</span> <span class='ocrx_word' id='word_1_229' title='bbox 614 1558 626 1576; x_wconf 95' lang='lat'>,</span> <span class='ocrx_word' id='word_1_230' title='bbox 652 1529 715 1568; x_wconf 87' lang='lat' dir='ltr'>sed</span> <span class='ocrx_word' id='word_1_231' title='bbox 732 1530 940 1568; x_wconf 70' lang='lat' dir='ltr'>innumerae</span> <span class='ocrx_word' id='word_1_232' title='bbox 954 1530 1073 1567; x_wconf 88' lang='lat' dir='ltr'>etiam</span> <span class='ocrx_word' id='word_1_233' title='bbox 1089 1528 1362 1566; x_wconf 89' lang='lat' dir='ltr'>contentiones</span> <span class='ocrx_word' id='word_1_234' title='bbox 1378 1555 1389 1573; x_wconf 93' lang='lat'>,</span> <span class='ocrx_word' id='word_1_235' title='bbox 1411 1536 1525 1577; x_wconf 84' lang='lat' dir='ltr'>atque</span> <span class='ocrx_word' id='word_1_236' title='bbox 1542 1527 1631 1564; x_wconf 86' lang='lat' dir='ltr'>lites</span> <span class='ocrx_word' id='word_1_237' title='bbox 1649 1528 1749 1562; x_wconf 89' lang='lat' dir='ltr'>inter</span> 
     </span>
     <span class='ocr_line' id='line_1_35' title="bbox 437 1575 1748 1631; baseline -0.004 -11"><span class='ocrx_word' id='word_1_238' title='bbox 437 1594 503 1621; x_wconf 88' lang='lat' dir='ltr'>eos</span> <span class='ocrx_word' id='word_1_239' title='bbox 515 1609 526 1627; x_wconf 92' lang='lat'>‚</span> <span class='ocrx_word' id='word_1_240' title='bbox 551 1584 590 1622; x_wconf 68' lang='grc' dir='ltr'>ὅ(</span> <span class='ocrx_word' id='word_1_241' title='bbox 619 1582 825 1631; x_wconf 86' lang='lat' dir='ltr'>Regulares</span> <span class='ocrx_word' id='word_1_242' title='bbox 854 1581 961 1630; x_wconf 89' lang='lat' dir='ltr'>super</span> <span class='ocrx_word' id='word_1_243' title='bbox 987 1580 1176 1619; x_wconf 85' lang='lat' dir='ltr'>solutione</span> <span class='ocrx_word' id='word_1_244' title='bbox 1201 1579 1367 1625; x_wconf 72' lang='lat' dir='ltr'>eiusdem</span> <span class='ocrx_word' id='word_1_245' title='bbox 1397 1579 1555 1629; x_wconf 82' lang='lat' dir='ltr'>Qartae</span> <span class='ocrx_word' id='word_1_246' title='bbox 1586 1575 1748 1616; x_wconf 85' lang='lat' dir='ltr'>diverfis</span> 
     </span>
     <span class='ocr_line' id='line_1_36' title="bbox 436 1629 1750 1682; baseline -0.005 -11"><span class='ocrx_word' id='word_1_247' title='bbox 436 1632 675 1682; x_wconf 85' lang='lat' dir='ltr'>temporibus</span> <span class='ocrx_word' id='word_1_248' title='bbox 690 1635 864 1671; x_wconf 65' lang='lat' dir='ltr'>excitata&gt;</span> <span class='ocrx_word' id='word_1_249' title='bbox 873 1633 1045 1677; x_wconf 85' lang='lat' dir='ltr'>fuerunt,</span> <span class='ocrx_word' id='word_1_250' title='bbox 1059 1645 1138 1681; x_wconf 82' lang='lat' dir='ltr'>quae</span> <span class='ocrx_word' id='word_1_251' title='bbox 1154 1643 1288 1668; x_wconf 88' lang='lat' dir='ltr'>coram</span> <span class='ocrx_word' id='word_1_252' title='bbox 1304 1630 1525 1669; x_wconf 85' lang='lat' dir='ltr'>Ordinariis</span> <span class='ocrx_word' id='word_1_253' title='bbox 1543 1629 1750 1673; x_wconf 88' lang='lat' dir='ltr'>Locorum,</span> 
     </span>
     <span class='ocr_line' id='line_1_37' title="bbox 435 1681 1748 1734; baseline -0.008 -9"><span class='ocrx_word' id='word_1_254' title='bbox 435 1685 475 1725; x_wconf 72' lang='grc' dir='ltr'>δι’.</span> <span class='ocrx_word' id='word_1_255' title='bbox 497 1684 638 1724; x_wconf 87' lang='lat' dir='ltr'>deinde</span> <span class='ocrx_word' id='word_1_256' title='bbox 668 1684 706 1722; x_wconf 91' lang='lat' dir='ltr'>in</span> <span class='ocrx_word' id='word_1_257' title='bbox 721 1684 835 1723; x_wconf 88' lang='lat' dir='ltr'>variis</span> <span class='ocrx_word' id='word_1_258' title='bbox 848 1696 998 1734; x_wconf 90' lang='lat' dir='ltr'>quoque</span> <span class='ocrx_word' id='word_1_259' title='bbox 1027 1685 1136 1722; x_wconf 86' lang='lat' dir='ltr'>almae</span> <span class='ocrx_word' id='word_1_260' title='bbox 1153 1682 1269 1720; x_wconf 89' lang='lat' dir='ltr'>Urbis</span> <span class='ocrx_word' id='word_1_261' title='bbox 1286 1681 1428 1719; x_wconf 84' lang='lat' dir='ltr'>Nostrae</span> <span class='ocrx_word' id='word_1_262' title='bbox 1443 1681 1720 1718; x_wconf 80' lang='lat' dir='ltr'>Tribunalibus</span> <span class='ocrx_word' id='word_1_263' title='bbox 1735 1706 1748 1723; x_wconf 90' lang='lat'>‚</span> 
     </span>
     <span class='ocr_line' id='line_1_38' title="bbox 436 1729 1750 1786; baseline -0.005 -13"><span class='ocrx_word' id='word_1_264' title='bbox 436 1737 647 1786; x_wconf 80' lang='lat' dir='ltr'>praesertim</span> <span class='ocrx_word' id='word_1_265' title='bbox 672 1737 765 1774; x_wconf 77' lang='lat' dir='ltr'>vero</span> <span class='ocrx_word' id='word_1_266' title='bbox 793 1736 832 1771; x_wconf 91' lang='lat' dir='ltr'>in</span> <span class='ocrx_word' id='word_1_267' title='bbox 848 1736 1060 1772; x_wconf 80' lang='lat' dir='ltr'>Auditorio</span> <span class='ocrx_word' id='word_1_268' title='bbox 1073 1734 1212 1770; x_wconf 77' lang='lat' dir='ltr'>Palatii</span> <span class='ocrx_word' id='word_1_269' title='bbox 1227 1731 1353 1770; x_wconf 87' lang='lat' dir='ltr'>Nostri</span> <span class='ocrx_word' id='word_1_270' title='bbox 1369 1729 1587 1778; x_wconf 85' lang='lat' dir='ltr'>Apostolici</span> <span class='ocrx_word' id='word_1_271' title='bbox 1606 1757 1618 1775; x_wconf 86' lang='lat'>‚</span> <span class='ocrx_word' id='word_1_272' title='bbox 1645 1730 1682 1767; x_wconf 79' lang='lat'>&amp;</span> <span class='ocrx_word' id='word_1_273' title='bbox 1709 1730 1750 1767; x_wconf 87' lang='lat' dir='ltr'>in</span> 
     </span>
     <span class='ocr_line' id='line_1_39' title="bbox 436 1781 1748 1839; baseline -0.005 -13"><span class='ocrx_word' id='word_1_274' title='bbox 436 1787 757 1839; x_wconf 86' lang='lat' dir='ltr'>Congregatione</span> <span class='ocrx_word' id='word_1_275' title='bbox 790 1785 1082 1823; x_wconf 80' lang='lat' dir='ltr'>venerabiiium</span> <span class='ocrx_word' id='word_1_276' title='bbox 1118 1784 1293 1821; x_wconf 80' lang='lat' dir='ltr'>Fratrum</span> <span class='ocrx_word' id='word_1_277' title='bbox 1318 1784 1547 1821; x_wconf 85' lang='lat' dir='ltr'>Nostrorum</span> <span class='ocrx_word' id='word_1_278' title='bbox 1577 1785 1612 1820; x_wconf 71' lang='grc' dir='ltr'>δ.</span> <span class='ocrx_word' id='word_1_279' title='bbox 1638 1781 1680 1818; x_wconf 92' lang='lat' dir='ltr'>R.</span> <span class='ocrx_word' id='word_1_280' title='bbox 1704 1782 1748 1819; x_wconf 83' lang='lat' dir='ltr'>E.</span> 
     </span>
     <span class='ocr_line' id='line_1_40' title="bbox 436 1833 1748 1888; baseline -0.006 -10"><span class='ocrx_word' id='word_1_281' title='bbox 436 1837 872 1888; x_wconf 85' lang='lat' dir='ltr'>Cardinalium‚praefati</span> <span class='ocrx_word' id='word_1_282' title='bbox 886 1836 1054 1875; x_wconf 90' lang='lat' dir='ltr'>Concilii</span> <span class='ocrx_word' id='word_1_283' title='bbox 1074 1833 1298 1874; x_wconf 88' lang='lat' dir='ltr'>Tridentini</span> <span class='ocrx_word' id='word_1_284' title='bbox 1315 1834 1589 1884; x_wconf 85' lang='lat' dir='ltr'>Interpretum‚</span> <span class='ocrx_word' id='word_1_285' title='bbox 1605 1845 1748 1881; x_wconf 84' lang='lat' dir='ltr'>magno</span> 
     </span>
     <span class='ocr_line' id='line_1_41' title="bbox 435 1883 1747 1942; baseline -0.006 -12"><span class='ocrx_word' id='word_1_286' title='bbox 435 1891 604 1942; x_wconf 85' lang='lat' dir='ltr'>partium</span> <span class='ocrx_word' id='word_1_287' title='bbox 631 1891 754 1928; x_wconf 86' lang='lat' dir='ltr'>studio</span> <span class='ocrx_word' id='word_1_288' title='bbox 769 1917 780 1935; x_wconf 89' lang='lat'>,</span> <span class='ocrx_word' id='word_1_289' title='bbox 805 1900 875 1927; x_wconf 90' lang='lat' dir='ltr'>nec</span> <span class='ocrx_word' id='word_1_290' title='bbox 890 1887 1030 1925; x_wconf 91' lang='lat' dir='ltr'>minori</span> <span class='ocrx_word' id='word_1_291' title='bbox 1052 1886 1269 1936; x_wconf 87' lang='lat' dir='ltr'>sumptuum</span> <span class='ocrx_word' id='word_1_292' title='bbox 1294 1886 1547 1924; x_wconf 88' lang='lat' dir='ltr'>incommodo</span> <span class='ocrx_word' id='word_1_293' title='bbox 1559 1883 1747 1930; x_wconf 70' lang='lat' dir='ltr'>discuss&#39;ae,</span> 
     </span>
     <span class='ocr_line' id='line_1_42' title="bbox 435 1938 1747 1992; baseline -0.007 -9"><span class='ocrx_word' id='word_1_294' title='bbox 435 1946 527 1983; x_wconf 86' lang='lat' dir='ltr'>ficut</span> <span class='ocrx_word' id='word_1_295' title='bbox 544 1944 775 1992; x_wconf 84' lang='lat' dir='ltr'>accepimus,</span> <span class='ocrx_word' id='word_1_296' title='bbox 788 1939 998 1989; x_wconf 80' lang='lat' dir='ltr'>aliquando</span> <span class='ocrx_word' id='word_1_297' title='bbox 1013 1939 1060 1976; x_wconf 82' lang='lat' dir='ltr'>ad</span> <span class='ocrx_word' id='word_1_298' title='bbox 1075 1939 1250 1977; x_wconf 82' lang='lat' dir='ltr'>savorem</span> <span class='ocrx_word' id='word_1_299' title='bbox 1270 1940 1532 1977; x_wconf 85' lang='lat' dir='ltr'>Parochorum</span> <span class='ocrx_word' id='word_1_300' title='bbox 1548 1965 1559 1983; x_wconf 91' lang='lat'>,</span> <span class='ocrx_word' id='word_1_301' title='bbox 1574 1938 1747 1986; x_wconf 78' lang='lat' dir='ltr'>aliquan-</span> 
     </span>
     <span class='ocr_line' id='line_1_43' title="bbox 435 1990 1746 2039; baseline -0.005 -5"><span class='ocrx_word' id='word_1_302' title='bbox 435 1997 487 2034; x_wconf 80' lang='lat' dir='ltr'>do</span> <span class='ocrx_word' id='word_1_303' title='bbox 503 2005 635 2033; x_wconf 81' lang='lat' dir='ltr'>autem</span> <span class='ocrx_word' id='word_1_304' title='bbox 661 1994 709 2031; x_wconf 87' lang='lat' dir='ltr'>ad</span> <span class='ocrx_word' id='word_1_305' title='bbox 733 1993 907 2030; x_wconf 81' lang='lat' dir='ltr'>favorem</span> <span class='ocrx_word' id='word_1_306' title='bbox 921 1990 1168 2038; x_wconf 71' lang='lat' dir='ltr'>Regularium</span> <span class='ocrx_word' id='word_1_307' title='bbox 1185 2017 1196 2034; x_wconf 97' lang='lat'>,</span> <span class='ocrx_word' id='word_1_308' title='bbox 1227 2002 1294 2039; x_wconf 92' lang='lat' dir='ltr'>pro</span> <span class='ocrx_word' id='word_1_309' title='bbox 1322 1991 1480 2029; x_wconf 80' lang='lat' dir='ltr'>diverfis</span> <span class='ocrx_word' id='word_1_310' title='bbox 1508 1990 1746 2029; x_wconf 62' lang='lat' dir='ltr'>Causarum-2</span> 
     </span>
     <span class='ocr_line' id='line_1_44' title="bbox 436 2039 1748 2092; baseline -0.008 -6"><span class='ocrx_word' id='word_1_311' title='bbox 436 2045 731 2086; x_wconf 86' lang='lat' dir='ltr'>circumstantiis</span> <span class='ocrx_word' id='word_1_312' title='bbox 746 2069 757 2088; x_wconf 92' lang='lat'>‚</span> <span class='ocrx_word' id='word_1_313' title='bbox 784 2052 896 2092; x_wconf 87' lang='lat' dir='ltr'>atque</span> <span class='ocrx_word' id='word_1_314' title='bbox 908 2042 1288 2089; x_wconf 86' lang='lat' dir='ltr'>varioJudieantium</span> <span class='ocrx_word' id='word_1_315' title='bbox 1302 2041 1405 2079; x_wconf 88' lang='lat' dir='ltr'>sensu</span> <span class='ocrx_word' id='word_1_316' title='bbox 1422 2069 1433 2087; x_wconf 91' lang='lat'>‚</span> <span class='ocrx_word' id='word_1_317' title='bbox 1451 2041 1579 2079; x_wconf 79' lang='lat' dir='ltr'>decisae</span> <span class='ocrx_word' id='word_1_318' title='bbox 1597 2069 1608 2086; x_wconf 95' lang='lat'>,</span> <span class='ocrx_word' id='word_1_319' title='bbox 1626 2051 1667 2078; x_wconf 91' lang='lat' dir='ltr'>ac</span> <span class='ocrx_word' id='word_1_320' title='bbox 1681 2039 1748 2076; x_wconf 89' lang='lat' dir='ltr'>de-</span> 
     </span>
     <span class='ocr_line' id='line_1_45' title="bbox 436 2091 1746 2142; baseline -0.008 -4"><span class='ocrx_word' id='word_1_321' title='bbox 436 2098 554 2138; x_wconf 83' lang='lat' dir='ltr'>finitae</span> <span class='ocrx_word' id='word_1_322' title='bbox 577 2097 731 2134; x_wconf 88' lang='lat' dir='ltr'>fuerunt</span> <span class='ocrx_word' id='word_1_323' title='bbox 746 2122 755 2131; x_wconf 92' lang='lat'><strong><em>.</em></strong></span> <span class='ocrx_word' id='word_1_324' title='bbox 786 2094 876 2132; x_wconf 73' lang='lat' dir='ltr'>Haec</span> <span class='ocrx_word' id='word_1_325' title='bbox 902 2095 1017 2142; x_wconf 78' lang='lat' dir='ltr'>porro</span> <span class='ocrx_word' id='word_1_326' title='bbox 1045 2094 1305 2138; x_wconf 85' lang='lat' dir='ltr'>judicatorum</span> <span class='ocrx_word' id='word_1_327' title='bbox 1321 2121 1332 2138; x_wconf 93' lang='lat'>‚</span> <span class='ocrx_word' id='word_1_328' title='bbox 1363 2091 1746 2139; x_wconf 55' lang='lat' dir='ltr'>sententiarumque„</span> 
     </span>
     <span class='ocr_line' id='line_1_46' title="bbox 436 2142 1748 2193; baseline -0.009 -3"><span class='ocrx_word' id='word_1_329' title='bbox 436 2150 638 2190; x_wconf 83' lang='lat' dir='ltr'>diversitas</span> <span class='ocrx_word' id='word_1_330' title='bbox 652 2175 663 2193; x_wconf 88' lang='lat'>‚</span> <span class='ocrx_word' id='word_1_331' title='bbox 679 2158 766 2185; x_wconf 89' lang='lat' dir='ltr'>cum</span> <span class='ocrx_word' id='word_1_332' title='bbox 782 2147 928 2184; x_wconf 83' lang='lat' dir='ltr'>nullam</span> <span class='ocrx_word' id='word_1_333' title='bbox 945 2153 1093 2183; x_wconf 87' lang='lat' dir='ltr'>certam</span> <span class='ocrx_word' id='word_1_334' title='bbox 1109 2170 1119 2187; x_wconf 87' lang='lat'><em>‚</em></span> <span class='ocrx_word' id='word_1_335' title='bbox 1134 2157 1178 2183; x_wconf 88' lang='lat' dir='ltr'>ac</span> <span class='ocrx_word' id='word_1_336' title='bbox 1195 2145 1496 2185; x_wconf 86' lang='lat' dir='ltr'>determinatam</span> <span class='ocrx_word' id='word_1_337' title='bbox 1509 2142 1748 2182; x_wconf 87' lang='lat' dir='ltr'>constituerit</span> 
     </span>
     <span class='ocr_line' id='line_1_47' title="bbox 436 2193 1750 2252; baseline -0.009 -11"><span class='ocrx_word' id='word_1_338' title='bbox 436 2204 625 2252; x_wconf 75' lang='lat' dir='ltr'>regulam,</span> <span class='ocrx_word' id='word_1_339' title='bbox 640 2201 675 2237; x_wconf 91' lang='lat' dir='ltr'>in</span> <span class='ocrx_word' id='word_1_340' title='bbox 691 2199 961 2238; x_wconf 87' lang='lat' dir='ltr'>evenientibus</span> <span class='ocrx_word' id='word_1_341' title='bbox 980 2198 1124 2236; x_wconf 83' lang='lat' dir='ltr'>casibus</span> <span class='ocrx_word' id='word_1_342' title='bbox 1137 2197 1427 2241; x_wconf 82' lang='lat' dir='ltr'>observandam,</span> <span class='ocrx_word' id='word_1_343' title='bbox 1444 2206 1624 2244; x_wconf 81' lang='lat' dir='ltr'>magnum</span> <span class='ocrx_word' id='word_1_344' title='bbox 1639 2193 1750 2242; x_wconf 78' lang='lat' dir='ltr'>plane</span> 
     </span>
     <span class='ocr_line' id='line_1_48' title="bbox 436 2243 1750 2298; baseline -0.008 -5"><span class='ocrx_word' id='word_1_345' title='bbox 436 2256 656 2293; x_wconf 79' lang='lat' dir='ltr'>fomentum</span> <span class='ocrx_word' id='word_1_346' title='bbox 676 2280 686 2297; x_wconf 93' lang='lat'>‚</span> <span class='ocrx_word' id='word_1_347' title='bbox 711 2251 749 2289; x_wconf 66' lang='lat' dir='ltr'>Sc</span> <span class='ocrx_word' id='word_1_348' title='bbox 774 2251 902 2290; x_wconf 87' lang='lat' dir='ltr'>ansam</span> <span class='ocrx_word' id='word_1_349' title='bbox 932 2250 1141 2298; x_wconf 88' lang='lat' dir='ltr'>relinquit,</span> <span class='ocrx_word' id='word_1_350' title='bbox 1175 2249 1255 2287; x_wconf 82' lang='lat' dir='ltr'>imo</span> <span class='ocrx_word' id='word_1_351' title='bbox 1281 2249 1451 2287; x_wconf 75' lang='lat' dir='ltr'>&amp;latam</span> <span class='ocrx_word' id='word_1_352' title='bbox 1468 2246 1599 2285; x_wconf 89' lang='lat' dir='ltr'>sternit</span> <span class='ocrx_word' id='word_1_353' title='bbox 1615 2243 1750 2283; x_wconf 64' lang='lat' dir='ltr'>viarm,</span> 
     </span>
     <span class='ocr_line' id='line_1_49' title="bbox 436 2296 1748 2353; baseline -0.007 -9"><span class='ocrx_word' id='word_1_354' title='bbox 436 2305 687 2345; x_wconf 84' lang='lat' dir='ltr'>ulterioribus</span> <span class='ocrx_word' id='word_1_355' title='bbox 706 2305 804 2342; x_wconf 86' lang='lat' dir='ltr'>inter</span> <span class='ocrx_word' id='word_1_356' title='bbox 820 2304 1015 2353; x_wconf 69' lang='lat' dir='ltr'>praedic‘tos</span> <span class='ocrx_word' id='word_1_357' title='bbox 1031 2302 1239 2350; x_wconf 80' lang='lat' dir='ltr'>Regulares</span> <span class='ocrx_word' id='word_1_358' title='bbox 1255 2328 1265 2345; x_wconf 96' lang='lat'>,</span> <span class='ocrx_word' id='word_1_359' title='bbox 1279 2302 1316 2340; x_wconf 63' lang='grc' dir='ltr'>δέ</span> <span class='ocrx_word' id='word_1_360' title='bbox 1334 2301 1525 2340; x_wconf 87' lang='lat' dir='ltr'>Parochos</span> <span class='ocrx_word' id='word_1_361' title='bbox 1539 2296 1668 2334; x_wconf 86' lang='lat' dir='ltr'>litibus</span> <span class='ocrx_word' id='word_1_362' title='bbox 1683 2323 1694 2341; x_wconf 87' lang='lat'>‚</span> <span class='ocrx_word' id='word_1_363' title='bbox 1709 2297 1748 2335; x_wconf 86' lang='lat'><strong>&amp;</strong></span> 
     </span>
    </p>
   </div>
   <div class='ocr_carea' id='block_1_4' title="bbox 438 2348 1749 2437">
    <p class='ocr_par' dir='ltr' id='par_1_5' title="bbox 438 2348 1749 2437">
     <span class='ocr_line' id='line_1_50' title="bbox 438 2348 1749 2408; baseline -0.01 -11"><span class='ocrx_word' id='word_1_364' title='bbox 438 2357 720 2403; x_wconf 82' lang='lat' dir='ltr'>controversiis,</span> <span class='ocrx_word' id='word_1_365' title='bbox 733 2369 777 2396; x_wconf 85' lang='lat' dir='ltr'>ex</span> <span class='ocrx_word' id='word_1_366' title='bbox 789 2355 924 2408; x_wconf 88' lang='lat' dir='ltr'>quibus</span> <span class='ocrx_word' id='word_1_367' title='bbox 938 2355 1003 2407; x_wconf 85' lang='lat' dir='ltr'>ipsi</span> <span class='ocrx_word' id='word_1_368' title='bbox 1016 2382 1027 2401; x_wconf 90' lang='lat'>‚</span> <span class='ocrx_word' id='word_1_369' title='bbox 1044 2354 1107 2405; x_wconf 89' lang='lat' dir='ltr'>qui</span> <span class='ocrx_word' id='word_1_370' title='bbox 1122 2353 1163 2393; x_wconf 87' lang='lat' dir='ltr'>in</span> <span class='ocrx_word' id='word_1_371' title='bbox 1175 2352 1295 2394; x_wconf 90' lang='lat' dir='ltr'>domo</span> <span class='ocrx_word' id='word_1_372' title='bbox 1307 2352 1382 2392; x_wconf 91' lang='lat' dir='ltr'>Dei</span> <span class='ocrx_word' id='word_1_373' title='bbox 1397 2349 1592 2389; x_wconf 85' lang='lat' dir='ltr'>ambulare</span> <span class='ocrx_word' id='word_1_374' title='bbox 1607 2348 1749 2386; x_wconf 78' lang='lat' dir='ltr'>debent</span> 
     </span>
     <span class='ocr_line' id='line_1_51' title="bbox 1660 2411 1747 2437; baseline 0.011 -1"><span class='ocrx_word' id='word_1_375' title='bbox 1660 2411 1747 2437; x_wconf 89' lang='lat' dir='ltr'>cum</span> 
     </span>
    </p>
   </div>
  </div>
 </body>
</html>
