2043 2958
151 844 347 879 Mandatum
360 841 399 872 de

122 887 296 930 praestanda
340 885 400 917 fide

121 929 322 974 praesentibus
334 948 342 959 .

122 1606 253 1643 Sanc'lio
264 1603 395 1646 penalis.

419 261 514 308 150
885 243 1257 292 APPENoix

416 316 579 356 verbum
594 342 605 360 ‚
634 326 710 353 non
731 320 860 352 autem
885 326 949 363 per
961 314 1147 352 clausulas
1169 313 1371 364 generales
1388 313 1715 365 idemimportan-

419 379 505 414 tes,
528 367 700 411 mentio,
725 366 783 403 seu
810 377 950 415 quaevis
977 367 1052 405 alia
1080 365 1268 415 exprellio
1289 365 1466 405 facienda
1481 393 1493 412 ,
1517 377 1579 406 aut
1591 369 1718 417 aliqua

420 422 495 460 alia
509 420 689 468 exquisita
706 419 830 456 t‘ornia
853 418 902 458 ad
915 422 986 456 hoc
1003 420 1184 458 servanda
1199 422 1299 457 toret
1312 445 1324 463 ‚
1348 420 1505 457 illorum
1517 421 1693 458 omnium
1708 448 1721 467 ,

423 472 462 510 ἃ
480 472 716 520 singulorum
734 480 886 508 tenores
902 499 914 516 ,
937 473 1081 510 formas
1096 476 1157 516 ,ὀί
1170 472 1409 518 occasiones,
1439 482 1483 509 ac
1509 470 1583 509 alia
1609 481 1726 510 etiam

423 525 577 574 speciali
605 521 839 572 expressione
853 523 970 574 digna
987 524 1229 573 praesentibuS
1247 535 1314 573 pro
1329 524 1441 573 plene
1455 551 1467 569 ‚
1488 524 1526 563 &
1543 522 1729 562 sufficien-

425 584 487 623 ter
511 574 684 624 expreffis
698 602 709 620 ,
733 575 880 613 insertis
893 602 904 619 ‚
932 588 975 614 ac
1003 573 1161 613 servatis
1190 575 1394 624 respective
1422 575 1607 613 habentes
1622 601 1634 620 ‚
1661 578 1729 613 hac

425 627 512 665 vice
525 627 749 675 dumtaxat,
777 627 853 664 illis
870 628 965 666 alias
992 627 1030 664 in
1045 627 1108 665 suo
1122 628 1258 665 robore
1273 628 1528 676 permansuris
1543 653 1555 671 ,
1578 626 1624 664 ad
1642 638 1732 675 prae-

425 678 629 716 missorum
643 677 820 716 effectum
836 679 1048 729 specialiter
1060 705 1071 724 ,
1097 679 1135 718 ὃς
1152 678 1325 728 expresse
1341 679 1575 731 derogamus
1589 705 1600 723 ,
1613 689 1654 715 ac
1666 677 1731 715 de-

426 737 607 779 rogatum
622 726 701 767 esse
718 729 895 768 volumus
908 758 921 776 ‚
943 730 1153 779 ceterisque
1165 729 1371 770 contrariis
1386 730 1681 780 quibuscumque
1695 757 1705 766 .

532 782 588 825 Ut
602 788 724 819 autetr
757 782 954 830 praesentes
969 783 1101 821 Literae
1127 782 1174 821 ad
1188 781 1365 822 omniurn
1390 783 1570 822 notitiam
1583 779 1732 828 facilius

427 833 664 879 deveniant,
678 834 716 872 ὃ(
731 845 847 871 nemo
863 835 1019 873 illarum
1033 833 1297 883 ignorantiam
1313 838 1477 883 allegare
1492 834 1643 878 valeat,
1662 844 1732 871 vo-

427 886 554 927 lumus
574 886 686 928 illas,
710 885 771 921 seu
796 897 928 923 earum
951 887 1123 933 exempla
1147 888 1194 922 ad
1221 887 1349 924 valvas
1375 886 1550 924 Ecclefise
1577 885 1734 923 Latera-

427 938 551 977 nenlis
566 964 577 981 ‚
596 937 633 976 ὃς
654 936 817 973 Basilicae
832 936 1016 986 Principis
1029 936 1301 985 Apostolorum
1317 964 1328 981 ,
1352 948 1500 975 necnon
1529 935 1735 974 Cancella-

427 989 490 1027 riae
508 985 738 1037 Apostolicae
751 1014 762 1031 ,
776 986 973 1036 Curiaeque
985 988 1175 1036 generalis
1187 1000 1228 1024 in
1243 989 1381 1026 Monte
1397 987 1594 1028 Citatorio
1605 1013 1616 1030 ,
1635 999 1677 1023 ac
1693 988 1734 1023 in

426 1040 528 1079 Acie
542 1038 682 1087 Campi
702 1039 818 1076 Florae
834 1039 881 1076 de
893 1038 1000 1078 Urbe
1011 1063 1022 1079 ‚
1048 1045 1087 1073 ut
1102 1039 1220 1074 moris
1234 1040 1284 1074 est
1300 1065 1311 1082 ,
1328 1039 1432 1085 affigi
1447 1066 1459 1082 ‚
1474 1037 1512 1073 ἃ
1526 1037 1707 1086 publicari
1719 1050 1735 1076 ,·

424 1090 549 1137 ficque
563 1090 774 1139 publicatas
788 1116 799 1132 ,
811 1090 850 1127 &
863 1087 995 1126 affixas
1011 1097 1147 1124 omnes
1160 1113 1173 1131 ‚
1187 1086 1220 1123 {x-
1237 1090 1403 1140 fingulos
1416 1115 1427 1133 ,
1442 1097 1535 1136 quos
1549 1085 1621 1126 illae
1638 1099 1735 1125 con-

425 1149 612 1185 cernunt,
640 1138 796 1189 perinde
810 1141 982 1182 are‘tare‚
1009 1136 1047 1174 δὲ
1070 1138 1248 1184 afficere,
1273 1151 1316 1178 ac
1331 1141 1357 1178 fi
1373 1140 1573 1189 unicuique
1598 1151 1734 1177 eorum

425 1193 661 1231 nominatim
674 1219 685 1237 ‚
713 1190 750 1228 δι’
766 1191 1016 1241 personaliter
1032 1189 1217 1228 intimatae
1231 1192 1410 1230 fuissent:
1441 1202 1556 1241 utque
1568 1192 1733 1240 ipsarum

426 1244 663 1292 praesentium
679 1242 898 1281 Literarum
917 1241 1164 1289 transumptis
1181 1268 1193 1286 ‚
1217 1243 1279 1280 seu
1303 1246 1490 1293 exemplis
1514 1243 1633 1280 etiam
1657 1244 1733 1280 im-

423 1295 580 1345 preffis,
605 1305 723 1333 manu
748 1294 904 1339 alicujus
928 1292 1080 1331 Notarii
1109 1293 1251 1340 publici
1275 1294 1515 1344 subscriptis,
1544 1295 1581 1333 Sc
1608 1295 1731 1342 figillo

427 1347 586 1392 alicujus
601 1345 768 1384 Personse
781 1345 820 1382 in
837 1344 1091 1383 Ecclesiastica
1108 1343 1314 1395 Dignitate
1327 1347 1537 1384 constitutae
1553 1346 1730 1390 munitis,

427 1398 565 1436 eadem
592 1397 737 1446 prorsus
750 1396 843 1435 fides
856 1406 938 1435 tam
953 1397 989 1432 in
1002 1393 1148 1439 judicio
1161 1422 1173 1440 ‚
1199 1397 1315 1443 quam
1330 1406 1440 1436 extra
1456 1397 1548 1435 illud
1563 1423 1574 1441 ,
1593 1397 1731 1445 ubique

427 1448 655 1487 adhibeatur
668 1474 680 1492 ,
692 1461 772 1497 quae
786 1448 874 1496 ipfis
886 1445 1127 1495 praesentibus
1140 1446 1391 1486 adhiberetur
1404 1474 1416 1493 ,
1443 1450 1469 1487 fi
1483 1449 1605 1486 forent
1621 1446 1731 1487 exhi-

427 1501 513 1539 bitae
527 1527 539 1546 ,
554 1501 619 1538 vel
633 1500 780 1537 ostensae
797 1527 807 1536 .

530 1551 638 1589 Nulli
669 1562 762 1601 ergo
777 1550 940 1588 omnino
965 1549 1166 1588 hominum
1190 1551 1308 1591 liceat
1331 1553 1511 1602 paginam
1535 1554 1632 1590 hanc
1647 1551 1734 1588 No-

425 1605 505 1642 strae
523 1604 738 1641 voluntatis
751 1630 763 1648 ‚
789 1602 993 1640 sanctionis
1009 1629 1021 1646 ‚
1037 1601 1210 1651 praecepti
1225 1630 1236 1647 ,
1253 1604 1444 1649 mandati,
1460 1605 1497 1642 δέ
1509 1602 1735 1651 derogatio-

427 1656 487 1694 nis
504 1654 713 1705 infringere
728 1680 739 1698 ‚
756 1654 815 1692 vel
829 1654 864 1690 ei
877 1653 964 1690 ausu
979 1654 1187 1690 temerario
1203 1655 1396 1691 contraire
1412 1681 1421 1691 .
1451 1655 1488 1691 Si
1504 1655 1585 1702 quis
1603 1663 1734 1691 autem

427 1710 502 1746 hoc
515 1714 705 1744 attentare
721 1704 1006 1754 praesumpserit,
1021 1703 1330 1751 indignationem
1342 1704 1630 1752 Omnipotentis
1645 1704 1737 1750 Dei,

429 1771 472 1798 ac
487 1758 693 1796 Beatorum
711 1756 813 1795 Petri
833 1782 845 1800 ‚
874 1756 912 1792 ὃ(
937 1755 1044 1793 Pauli
1061 1755 1338 1802 Apostolorum
1363 1758 1440 1801 ejus
1457 1756 1490 1793 se
1506 1755 1659 1794 noverit
1675 1755 1736 1793 in-

430 1810 623 1849 cursurum
640 1836 650 1846 .
679 1809 827 1847 Datum
843 1806 972 1845 Romae
995 1805 1093 1853 apud
1108 1806 1288 1843 Sanctum
1305 1807 1461 1844 Petrum
1490 1818 1592 1844 anno
1607 1807 1735 1844 Incar-

430 1861 600 1901 nationis
617 1858 832 1898 Dominicae
848 1857 1054 1895 millesimo
1068 1856 1404 1905 septingentefimo
1425 1858 1610 1907 vigesimo
1624 1857 1735 1907 quin-

432 1923 475 1952 to
488 1939 500 1958 ‚
525 1911 628 1949 sexto
643 1910 743 1949 Non.
760 1911 857 1955 Maji
875 1936 886 1954 ‚
908 1907 1156 1949 pontificatus
1167 1908 1295 1946 Nostri
1312 1920 1413 1947 anno
1429 1911 1553 1957 primo
1568 1936 1577 1945 .

434 2007 497 2064 P.
516 2006 600 2061 M.
621 2005 780 2060 Card.
798 2004 1004 2058 Prodat·
1164 2001 1222 2059 F.
1239 2002 1398 2058 Card.
1415 2002 1670 2058 Oliven‘us
1687 2041 1697 2052 .

671 2120 764 2164 Visa
783 2121 832 2163 de
848 2120 975 2162 Curia
987 2121 1017 2160 1.
1033 2121 1084 2162 C.
1099 2117 1351 2176 Archiepisc.
1367 2118 1590 2161 Amasenus
1605 2148 1616 2160 .

529 2224 621 2260 Loco
635 2227 665 2259 ’ξε
682 2220 812 2258 Plumbi
825 2245 834 2255 .
1165 2221 1203 2255 Ι..
1218 2219 1433 2257 Mattinettus
1444 2240 1454 2250 ·

1000 2308 1176 2355 Registrata
1191 2311 1223 2345 in
1238 2309 1409 2347 secretaria
1422 2307 1574 2342 Brcvium
1585 2329 1594 2339 .

1605 2409 1735 2448 CON-
