2043 2958
622 212 682 239 An
711 192 993 242 CoNcimuM
1011 193 1269 245 Romnum
1287 233 1296 243 .
1534 216 1624 262 141

309 259 429 302 timus
445 285 459 307 ,
479 267 518 299 ut
545 261 724 312 Capitula
739 290 751 309 ‚
774 274 853 312 quae
881 264 1044 303 Statutis
1071 276 1269 313 carerent,
1301 280 1351 307 ne
1366 295 1377 314 ‚
1406 268 1536 307 veluti
1557 282 1628 309 na-

306 325 374 351 ves
401 313 625 353 ssuc‘tuantes
647 342 658 360 ‚
696 314 830 365 quovis
859 325 981 355 vento
1008 317 1353 358 circumferrentur
1380 347 1392 366 ‚
1436 320 1536 359 infra
1566 322 1626 361 sex

307 365 456 403 menses
482 378 527 404 ea
551 367 764 406 conderent
779 394 790 413 ,
817 367 938 407 &suis
951 368 1141 418 Episcopis
1160 371 1421 411 examinanda
1440 399 1452 417 ‚
1480 381 1626 422 atque,

303 417 499 466 probanda
516 417 707 458 deferrent
720 434 735 460 5
763 419 940 468 idemque
954 420 1166 460 Decretum
1185 422 1225 461 in
1240 424 1362 462 altera
1381 424 1622 464 Provinciali

307 468 469 517 Synodo
482 497 494 516 ‚
519 472 634 519 quam
650 471 807 509 subinde
824 481 928 508 anno
941 471 1083 510 scilicet
1105 478 1214 520 1698.
1233 475 1391 524 coegisti
1407 502 1419 521 ,
1445 479 1516 514 Tit.
1537 490 1569 514 ι.
1584 479 1627 513 de

305 521 454 569 Constit.
467 532 542 570 cap.
555 536 595 571 4.
611 523 864 561 instauratum
884 522 991 561 fuisse
1008 525 1264 574 perspeximus
1282 539 1291 564 ε
1315 528 1385 565 etfi
1399 537 1532 566 autem
1549 529 1626 566 mi-

303 571 411 610 nime
426 585 629 612 vereamur
647 601 658 619 ‚
672 574 762 623 quin
778 586 847 622 pro
864 575 1008 612 eximio
1021 603 1033 622 ‚
1058 588 1102 615 ac
1117 577 1266 617 abunde
1282 578 1407 617 Nobis
1422 580 1624 630 explorato

304 624 389 661 zelo
405 633 472 661 tuo
488 625 637 674 providi
653 625 836 672 ejusmodi
854 651 867 670 ‚
892 638 935 664 ac
951 627 1063 676 plane
1092 626 1289 667 neceffarii
1304 631 1467 670 Decreti
1482 644 1624 670 execu-

304 674 453 714 tionem
476 677 625 717 strenue
646 677 920 727 postmodum,
944 690 988 717 ac
1004 679 1135 719 sedulo
1152 682 1422 729 promoveriss
1450 684 1540 732 quia
1566 692 1627 722 ta-

303 738 394 764 men
417 739 462 765 ea
484 728 532 767 de
547 741 586 766 re
609 731 795 767 certiores
823 728 907 767 fieri
930 732 1102 769 maxime
1118 732 1291 782 cupimus
1306 760 1319 778 ‚
1343 742 1384 771 ut
1402 735 1624 783 exemplum

304 777 352 815 ad
369 779 463 817 alias
484 780 605 818 etiam
618 780 843 817 Provincias
859 807 871 825 ,
887 793 930 819 ac
945 782 1142 821 Dioeceses
1157 811 1169 828 ‚
1197 795 1276 831 quae
1292 783 1429 822 eadem
1445 785 1625 834 indigent

303 830 518 879 provifione
531 858 544 876 ‚
569 841 732 868 manare
749 829 860 876 poffit
880 857 892 874 ,
920 841 1123 880 propterea
1139 834 1240 871 hisce
1254 836 1390 872 nostris
1412 835 1535 874 literis
1549 849 1570 876 a
1588 845 1626 874 te

306 879 489 929 petimus,
504 890 613 927 ut,an
629 880 734 919 idem
748 880 964 919 Decretum
979 883 1026 919 ab
1041 885 1222 922 omnibus
1240 885 1399 933 praefatae
1412 886 1624 926 Provinciae

303 931 494 981 Capitulis
509 933 644 971 debitae
660 930 884 970 executioni
911 933 1197 974 demandatum
1212 948 1348 975 revera
1362 935 1480 976 fuerit
1494 965 1506 983 ,
1532 939 1624 976 dili-

305 993 441 1033 genter
456 984 624 1034 inquiras
638 1011 651 1029 ,
678 995 723 1022 ac
736 982 862 1021 Nobis
877 983 1096 1032 fignifices:
1122 998 1193 1024 nec
1210 987 1371 1025 interim
1386 988 1622 1038 praetermit—

308 1045 365 1073 tas
382 1062 392 1079 ,
420 1035 446 1072 fi
470 1047 549 1084 quae
564 1032 748 1083 Capitula
776 1033 872 1070 111ud
902 1035 1038 1083 exequi
1062 1036 1263 1084 neglexisse
1279 1040 1539 1088 compereris,
1569 1041 1623 1080 ita

307 1098 443 1135 urgere
457 1113 468 1131 ‚
493 1098 539 1125 ac
563 1086 724 1130 instare,
746 1092 787 1123 ut
811 1085 859 1122 ab
879 1087 1085 1131 omnibus,
1109 1088 1440 1137 quemadmodum
1458 1103 1524 1140 par
1540 1093 1591 1129 est
1609 1120 1621 1138 ‚

304 1138 353 1175 ad
383 1137 561 1175 effectum
589 1137 717 1185 primo
744 1147 896 1183 quoque
922 1145 1099 1185 tempore
1127 1139 1384 1186 perducatur.
1413 1142 1619 1182 Affiduum

302 1188 440 1226 divinae
455 1188 586 1239 gratiae
607 1186 893 1224 incrementum
908 1212 920 1230 ‚
946 1197 991 1224 ac
1017 1189 1177 1237 longam
1196 1202 1387 1229 annorum
1413 1193 1547 1231 seriem
1570 1196 1619 1232 ab

302 1248 444 1277 aeterno
474 1239 669 1278 Pastorum
698 1237 875 1286 Principe
903 1236 1001 1283 tibi,
1030 1239 1273 1279 Venerabilis
1302 1243 1437 1280 Frater
1450 1244 1620 1291 Noster,

304 1290 415 1329 enixe
432 1301 660 1339 precamur,
687 1296 728 1325 ut
750 1291 956 1337 vigilantiae
975 1298 1046 1326 tuae
1069 1289 1292 1330 commissos
1307 1296 1465 1342 populos
1485 1297 1617 1344 (quod

302 1344 487 1380 haetenus
502 1341 653 1390 egregie
671 1341 868 1388 praestitisti
885 1345 899 1384 )
930 1353 1007 1378 non
1025 1351 1106 1379 tam
1121 1342 1305 1382 doeh-inre
1325 1346 1443 1383 verbo
1460 1347 1619 1387 instrue-

302 1405 343 1432 re
358 1420 370 1438 ‚
385 1396 499 1441 quam
513 1394 702 1430 bonorum
717 1404 879 1441 operum
895 1393 1076 1441 exemplo
1088 1393 1278 1432 aedificare
1301 1396 1368 1434 diu
1380 1397 1493 1446 poffis
1510 1427 1520 1437 .
1547 1400 1620 1439 Ti-

302 1445 416 1495 bique
437 1445 580 1483 intimae
595 1443 738 1481 Nostrae
764 1444 1046 1481 benevolentiae
1070 1444 1206 1493 pignus
1223 1472 1235 1490 ‚
1260 1446 1528 1495 Apostolicam
1544 1452 1615 1489 be-

302 1496 564 1534 nedic‘tionem
594 1503 838 1543 peramanter
861 1493 1131 1544 impertimur.
1178 1497 1327 1535 Datum
1356 1498 1488 1538 Romae
1513 1503 1614 1552 apud

303 1548 483 1586 Sanctam
495 1546 668 1585 Mariam
686 1546 878 1591 Majorem
893 1547 957 1584 sub
971 1548 1136 1586 Annulo
1150 1548 1352 1588 Piscatoris
1372 1550 1435 1589 die
1451 1553 1614 1594 secunda

303 1598 454 1648 Aprilis
472 1611 582 1646 ¹715·
604 1597 859 1637 Pontificatus
871 1597 1002 1637 Nostri
1016 1599 1136 1636 Anno
1156 1599 1310 1638 decimo
1321 1602 1458 1650 quinto
1470 1631 1479 1641 .

818 1701 989 1749 Joannes
1001 1701 1297 1752 christophorus
1310 1704 1496 1746 Battellus
1512 1733 1521 1743 .

1470 2366 1604 2406 CON-
