2043 2958
512 252 837 319 Volumus
869 258 1096 339 igitur,
1142 275 1215 318 ac
1250 255 1621 321 mandamus
1642 297 1660 326 ,

351 350 425 401 ut
457 339 748 426 Fpiscopi
792 364 1001 405 omnes
1025 385 1040 412 ,
1087 343 1152 402 in
1183 341 1427 427 speciali
1465 342 1664 407 nostra.

341 424 676 490 Provincia
726 427 1048 491 constituti
1094 470 1110 495 2
1154 429 1455 492 videlicet
1506 434 1665 492 inter

331 511 713 594 Capuanam
765 515 1201 582 Provinciam,
1247 521 1309 578 &
1345 516 1658 586 Pisanarn;

332 618 576 658 necnon
604 599 1110 682 Archiepiscopi‚
1143 597 1548 681 Suffraganeis
1569 620 1666 660 ca-

332 699 549 752 rentes,
575 691 637 747 &
661 703 789 746 tam
810 684 1119 766 Episcopi,
1139 684 1289 746 huic
1306 683 1540 747 Sanetae
1559 684 1663 746 Se-

331 765 401 829 di
440 769 800 832 immediate
840 768 1088 851 subjecti
1112 812 1127 836 ‚
1162 774 1352 848 quam
1378 769 1659 837 Abbates

333 853 574 918 nullius
594 858 882 920 Dioecefis
903 901 918 924 ,
961 852 1447 935 jurisdictionem
1488 854 1660 938 quast

321 935 757 1025 Episcopalem
805 940 1101 1004 habentes
1135 986 1151 1010 ,
1197 947 1306 1024 qui
1349 945 1499 1008 alias
1547 940 1654 1004 fibi

322 1023 908 1108 Metropolitanum
942 1073 958 1096 ‚
1027 1029 1202 1103 cujus
1266 1027 1656 1088 provinciali

322 1107 624 1172 Concilio
644 1109 920 1172 interfint
942 1155 958 1179 ,
997 1107 1080 1166 ad.
1099 1107 1362 1171 formam
1393 1108 1661 1172 Triden-

324 1197 444 1256 tini
483 1216 608 1257 non
644 1196 996 1277 elegerunt,
1041 1190 1126 1253 ad
1160 1192 1327 1256 diem
1362 1195 1658 1258 Domini-

322 1302 459 1342 cam
510 1286 573 1343 in
617 1282 802 1346 Albis
848 1282 1125 1364 proximi
1163 1285 1654 1362 anni1725.i1L›

321 1368 486 1428 hanc
535 1369 791 1434 Almam
826 1367 1066 1436 Urbem
1113 1372 1532 1436 conveniant,
1579 1383 1654 1429 ut

323 1456 389 1514 in
412 1453 712 1517 Concilio
731 1452 1094 1518 Nobiscum
1119 1462 1501 1537 congregati,
1537 1454 1649 1516 Ec-

319 1536 639 1603 clesiarum
663 1540 912 1603 suarum
949 1535 1321 1602 neceffitates
1345 1561 1651 1623 propone-

318 1646 414 1693 re,
462 1631 525 1689 ὃς
560 1648 696 1711 quae
732 1621 1129 1688 discutienda
1178 1644 1606 1709 proponentur
1629 1667 1645 1694 ‚

317 1716 642 1775 communi
680 1710 938 1776 confilio
976 1712 1355 1793 expendere,
1401 1717 1465 1776 &
1497 1735 1645 1775 con-

317 1795 490 1860 sensu
540 1797 784 1862 firmare
824 1798 1079 1861 valeant
1113 1843 1126 1856 .
1172 1797 1374 1861 Simul
1419 1803 1645 1861 etiarm

316 1881 638 1965 Capitulis
663 1931 677 1955 ,
697 1891 760 1949 ὅτ.
785 1884 985 1947 Cleris
1016 1884 1140 1946 suis
1172 1883 1450 1952 edicant,
1473 1902 1546 1947 ut
1568 1928 1584 1952 ‚
1601 1883 1644 1945 fi

319 1988 455 2050 quae
482 1969 750 2033 habeant
772 1973 1015 2050 negotia
1038 2013 1054 2037 ,
1080 1989 1216 2050 quae
1242 1971 1326 2032 ad
1350 1968 1642 2050 Synoda-

312 2054 434 2116 lem
468 2073 852 2119 conventum
878 2096 893 2124 ,
934 2076 1117 2137 quern
1159 2059 1226 2118 in
1264 2055 1642 2120 antedictam

313 2138 481 2202 diem
509 2141 883 2211 indicimus,
915 2139 1243 2204 deferenda
1266 2142 1641 2211 censuerint,
1719 2155 1721 2157 ’

313 2245 420 2306 per
454 2227 880 2290 Procuratores
920 2229 1094 2300 suOS,
1132 2226 1639 2314 Synodijudicio

322 2309 713 2384 dirimenda,
758 2330 870 2376 aut
903 2314 1376 2398 componenda,
1414 2334 1643 2399 propo·

1493 2414 1610 2447 nant
1629 2433 1646 2456 ,
