2043 2958
605 245 663 273 An
683 225 965 275 Commium
984 226 1242 278 ROMANUM
1262 261 1273 273 .
1494 243 1518 271 2
1534 243 1602 283 29

277 318 308 340 ,‚
339 295 487 332 cultum
511 294 741 338 exhibeants
767 298 828 336 vel
854 310 970 337 novas
992 298 1199 337 Parochias
1218 323 1228 341 2
1265 295 1459 345 novasque
1479 294 1600 333 Paro-

280 371 309 389 „
337 346 478 384 chiales
502 348 685 387 Ecclefias
707 350 727 387 a
752 351 945 389 veteribus
970 350 1167 388 distinctas
1186 349 1424 386 constituere
1444 373 1457 392 ,
1486 346 1603 395 iisque

278 423 307 441 ,‚
337 409 461 437 novos
480 399 670 439 Parochos
683 400 868 449 praeficere
884 430 896 447 ,
921 401 1106 452 assignata
1123 413 1167 439 ex
1182 399 1410 444 redditibus,
1432 398 1480 437 ad
1495 408 1604 436 vete-

281 474 308 494 „
339 462 420 487 rem
446 451 710 492 Parochialem
741 454 948 492 Ecclefiam
972 452 1337 503 quomodocumque
1374 449 1602 500 pertinenti-

279 527 306 545 „
338 501 406 539 bus
419 530 429 548 ‚
445 505 688 543 convenienti
704 506 880 555 portione
893 505 941 544 ad
959 507 1105 544 victum
1121 516 1255 542 eorum
1269 531 1282 549 ‚
1300 503 1365 552 qui
1386 531 1398 548 ‚
1414 503 1474 540 vel
1492 510 1599 539 tam-

282 579 310 598 „
338 565 453 601 quam
480 553 737 601 Coadjutores
763 556 802 595 in
828 556 940 596 dietis
968 557 1054 595 aliis
1075 557 1255 594 Ecclefiis
1282 552 1457 603 deputati
1485 581 1497 599 ‚
1536 553 1598 592 vel

279 631 308 650 υ
336 614 534 655 tamquam
549 606 711 646 distincti
725 635 737 653 ,
753 609 790 647 Sc
805 608 1106 658 independentes
1121 607 1281 645 Parochi
1295 618 1426 644 curam
1443 605 1598 643 anima-

278 683 305 701 ‚‚
337 670 420 694 rum
437 659 673 697 exercuerint
688 674 702 700 ,-
720 660 823 698 nulla
841 661 886 698 ad
906 660 1085 709 praemiffa
1100 658 1347 709 impedienda
1366 656 1598 706 suffragante

279 735 306 754 ‚,
334 709 593 758 appellatione
609 739 619 756 ‚
635 720 701 749 aut
720 711 952 750 inhibitione
966 741 975 750 .

321 774 378 802 -13
436 787 463 805 „
492 759 594 799 Cum
622 762 671 800 ad
698 763 949 812 p1·aescriptum
991 775 1141 814 quoque
1170 760 1412 800 Tridentinae
1444 758 1595 814 Synodi

278 838 305 856 „
333 810 522 859 Episcopis
551 811 582 850 is
613 816 734 851 honor
771 815 995 854 tribuendus
1024 816 1068 853 fit
1096 841 1110 859 ‚
1149 815 1212 863 qui
1241 825 1375 850 eorum
1414 811 1596 860 dignitati

276 890 305 907 ,‚
333 863 547 907 convenit,
585 863 710 911 eisque
738 864 777 901 in
802 865 933 902 Choro
952 893 962 909 ‚
991 867 1029 904 δε
1055 866 1093 902 in
1127 863 1337 912 Capitulo,
1366 863 1405 901 in
1435 860 1594 899 Proces-

271 941 302 960 ‚,
328 913 493 950 fionibus
516 939 528 958 ,
566 914 605 952 ὃ(
631 913 718 953 aliis
747 915 893 954 acstlbus
918 915 1080 965 publicis
1113 914 1256 963 primus
1292 915 1397 951 locus
1428 911 1500 951 effe
1528 912 1596 950 de-

275 991 302 1011 „
329 964 442 1007 beat,
468 965 506 1003 &
537 965 722 1014 praecipua
749 967 925 1005 omnium
950 980 1079 1005 rerum
1096 965 1334 1016 agendarum
1351 962 1593 1005 autt‘toritas,⁴

277 1043 303 1062 ,‚
331 1014 563 1053 mandamus
587 1016 626 1053 id
643 1015 843 1065 religiose,
870 1029 915 1055 ae
934 1018 1117 1066 perpetuo
1145 1014 1339 1054 observari
1359 1016 1398 1052 in
1411 1016 1592 1053 omnibus

275 1094 304 1113 „
333 1064 497 1110 astibus,
514 1065 613 1104 adeo
627 1068 725 1112 justae
741 1067 954 1110 hujusmodi
970 1068 1260 1116 praeemInentiae
1279 1093 1290 1111 ,
1314 1064 1591 1105 &auctoritati

275 1146 302 1165 „
332 1117 612 1162 consentaneis,
629 1129 704 1155 non
718 1118 955 1157 obstantibus
966 1116 1182 1167 privilegiis
1194 1118 1313 1156 etiam
1333 1129 1377 1155 ex
1392 1116 1591 1155 fundatio-

271 1197 303 1217 „
332 1180 380 1207 ne
398 1169 736 1217 competentibus,
765 1170 1099 1207 consuetudinibus
1126 1169 1591 1208 etiamimmemorabili-

274 1248 300 1267 ‚,
330 1220 398 1256 bus
415 1246 426 1263 ‚
441 1217 641 1257 sententiis
653 1245 664 1263 ‚
677 1220 925 1266 juramentis,
939 1221 977 1260 ὃς
993 1220 1228 1266 concordiis,
1245 1232 1324 1271 quae
1337 1220 1419 1257 suos
1434 1222 1588 1258 tantum

277 1299 305 1319 ‚‚
333 1270 511 1320 obligent
528 1271 725 1310 Aucstores
742 1299 751 1309 .

330 1334 379 1368 14
429 1349 457 1368 ‚‚
489 1322 674 1360 Praeterea
689 1349 700 1368 ,
720 1331 759 1360 ut
775 1323 984 1363 claustralis
998 1336 1147 1372 quoque
1162 1322 1367 1372 disciplinae
1380 1322 1493 1373 vigor
1509 1321 1589 1360 illi·

270 1380 301 1422 ⁴„
330 1373 440 1410 batus
465 1383 689 1422 permaneat
710 1402 722 1419 ‚
766 1373 973 1413 Pontificiae
1001 1375 1146 1413 Nostrae
1183 1373 1436 1413 solicitudinis
1465 1383 1589 1422 partes

276 1452 307 1473 „
335 1423 459 1462 etiam
488 1424 667 1463 duximus
695 1425 1015 1474 interponendas.
1048 1426 1151 1465 Cum
1174 1427 1305 1475 itaque
1321 1425 1590 1475 experientia)

275 1505 304 1524 „
332 1484 578 1523 compertum
597 1474 712 1515 fuerit
726 1486 913 1526 quantum
931 1477 1154 1515 detrimenti
1168 1477 1223 1515 illi
1237 1476 1417 1515 afferatur
1431 1505 1442 1522 ‚
1456 1488 1500 1515 ex
1513 1488 1589 1525 quo

275 1555 303 1574 ‚,
335 1528 459 1576 plures
475 1528 523 1565 ad
537 1527 758 1575 religiosum
774 1528 950 1566 habitum
967 1528 1237 1574 admittantur,
1258 1529 1371 1578 quam
1388 1529 1486 1567 vires
1503 1527 1591 1565 red-

274 1606 306 1626 „
335 1577 487 1616 dituum
511 1578 706 1628 patiantur
719 1593 734 1619 ,-
764 1579 952 1617 moderno
966 1607 978 1625 ‚
992 1592 1036 1618 ac
1048 1592 1116 1629 pro
1129 1589 1301 1630 tempore
1316 1579 1490 1618 existenti
1504 1579 1586 1617 No-

271 1658 298 1677 ,‚
326 1630 401 1666 stro
427 1657 438 1674 ‚
476 1631 514 1669 ὃς
544 1630 771 1678 Apostolicae
804 1631 911 1668 Sedis
936 1631 975 1669 in
1000 1631 1131 1669 iisdem
1161 1631 1429 1680 Hispaniarum
1443 1630 1585 1679 Regnis

270 1709 298 1729 ‚,
326 1679 477 1718 Nuntio
503 1692 568 1728 per
583 1681 776 1729 praesentes
791 1682 1075 1721 committimus
1092 1710 1103 1727 ‚
1135 1683 1172 1721 &
1186 1682 1415 1722 mandamus
1428 1709 1439 1727 ,
1464 1691 1505 1720 ut
1517 1693 1584 1720 cu-

270 1760 298 1779 „
325 1739 408 1776 ret,
436 1733 474 1771 8<
499 1732 743 1782 vigilantiam
771 1733 978 1779 adhibeat,
1002 1747 1048 1772 ne
1064 1743 1199 1772 contra
1217 1733 1468 1783 praescriptum
1492 1745 1579 1771 me-

270 1811 298 1830 „
327 1784 465 1820 morati
483 1783 890 1821 ConciliiTridentini
919 1782 957 1821 in
977 1786 1236 1829 Monasteria,
1260 1784 1516 1829 Conventus,
1540 1783 1579 1821 St

269 1862 296 1881 ‚‚
327 1835 478 1871 Domos
499 1861 510 1878 ‚
523 1843 604 1871 tam
619 1833 800 1871 Virorum
815 1861 826 1879 ‚
841 1835 955 1880 quam
971 1835 1179 1873 Mulierum
1195 1863 1207 1880 ‚
1224 1836 1300 1874 five
1315 1836 1420 1875 Bona
1435 1835 1580 1874 immo-

269 1913 296 1932 „
325 1883 418 1923 bilia
437 1883 646 1934 poffideant
662 1911 674 1929 ,
698 1885 771 1923 five
789 1897 863 1924 non
884 1884 1096 1933 possideant
1114 1914 1125 1931 ,
1146 1889 1269 1932 major
1283 1897 1462 1925 numerus
1477 1886 1578 1924 reci-

268 1965 295 1983 „
325 1936 451 1985 piatur
466 1963 477 1981 ,
502 1937 615 1985 quam
632 1934 695 1982 qui
711 1964 721 1980 ‚
739 1937 856 1975 velex
872 1936 1119 1986 proventibus
1134 1936 1295 1987 propriis
1309 1938 1472 1986 ipsorum
1486 1938 1578 1975 Mo·

266 2015 294 2034 „
325 1989 574 2025 nasteriorum
588 2014 598 2030 ‚
618 1987 911 2032 Conventuum,
927 1998 992 2027 aut
1008 1990 1239 2034 Domorum,
1253 1990 1313 2027 vel
1329 2002 1373 2028 ex
1390 1989 1579 2028 consuetis

265 2066 294 2085 ,‚
324 2039 581 2087 eleemosynis
597 2066 609 2083 ,
624 2036 754 2076 aliisve
772 2040 1071 2089 quibuscumque
1084 2041 1399 2084 obventionibus,
1414 2040 1452 2079 in
1467 2052 1577 2078 com-

267 2117 295 2137 „
325 2102 442 2129 mune
464 2100 596 2129 tamen
611 2090 855 2129 conferendis
867 2119 878 2136 ‚
892 2092 1100 2130 commode
1117 2091 1223 2140 pollit
1235 2092 1433 2131 sustentari
1450 2120 1460 2130 .

327 2153 369 2184 ις
425 2168 453 2186 ,,
483 2141 646 2190 Ogoties
675 2143 770 2180 vero
791 2142 998 2193 Regulares
1027 2144 1075 2182 ad
1098 2144 1264 2182 Ordines
1289 2153 1398 2183 erunt
1424 2155 1580 2194 promo-

266 2218 298 2238 „
330 2191 472 2237 vendi,
500 2193 669 2231 servetur
692 2194 854 2231 omnino
870 2196 1077 2233 Decretum
1092 2195 1418 2246 Congregationis
1444 2194 1582 2234 Cardi-

268 2269 296 2288 ‚‚
330 2243 478 2282 nalium
511 2242 684 2283 Concilii
710 2244 929 2284 Tridentini
959 2247 1214 2296 Interpretum
1232 2273 1244 2291 ,
1272 2249 1372 2296 apiae
1387 2245 1581 2285 memoriae

265 2320 293 2338 ,,
329 2294 540 2333 Clemente
561 2295 659 2344 Papa
673 2295 779 2334 VIll.
793 2296 1059 2336 Praedeceffore
1076 2296 1195 2337 etiam
1207 2299 1362 2344 Nostro,
1377 2297 1586 2336 confirma-

268 2369 297 2390 »
330 2352 419 2385 tum
436 2346 499 2387 die
524 2346 725 2392 &Martii
746 2352 855 2396 1596.
871 2360 968 2401 ,quo
982 2349 1162 2402 sancitur,
1175 2363 1252 2391 non
1263 2351 1310 2390 ad
1326 2351 1458 2397 alium,
1469 2349 1590 2437 quan?1

1541 2410 1562 2436 a
