<?xml version="1.0" encoding="UTF-8"?>
<!DOCTYPE html PUBLIC "-//W3C//DTD XHTML 1.0 Transitional//EN"
    "http://www.w3.org/TR/xhtml1/DTD/xhtml1-transitional.dtd">
<html xmlns="http://www.w3.org/1999/xhtml" xml:lang="en" lang="en">
 <head>
  <title>
</title>
<meta http-equiv="Content-Type" content="text/html;charset=utf-8" />
  <meta name='ocr-system' content='tesseract 3.04.00' />
  <meta name='ocr-capabilities' content='ocr_page ocr_carea ocr_par ocr_line ocrx_word'/>
</head>
<body>
  <div class='ocr_page' id='page_1' title='image "./conciliumromanum00cath_0087.png"; bbox 0 0 2043 2958; ppageno 0'>
   <div class='ocr_carea' id='block_1_1' title="bbox 217 221 1551 1072">
    <p class='ocr_par' dir='ltr' id='par_1_1' title="bbox 217 221 1551 1072">
     <span class='ocr_line' id='line_1_1' title="bbox 620 221 1534 279; baseline -0.015 0"><span class='ocrx_word' id='word_1_1' title='bbox 620 228 927 279; x_wconf 62' lang='lat' dir='ltr'><strong>Tmurus</strong></span> <span class='ocrx_word' id='word_1_2' title='bbox 975 221 1134 274; x_wconf 85' lang='lat' dir='ltr'><strong>XVI.</strong></span> <span class='ocrx_word' id='word_1_3' title='bbox 1476 227 1534 266; x_wconf 88' lang='lat'><strong>61</strong></span> 
     </span>
     <span class='ocr_line' id='line_1_2' title="bbox 230 289 1542 368; baseline -0.009 -19"><span class='ocrx_word' id='word_1_4' title='bbox 230 319 335 349; x_wconf 84' lang='lat' dir='ltr'><strong>ram</strong></span> <span class='ocrx_word' id='word_1_5' title='bbox 361 301 562 350; x_wconf 83' lang='lat' dir='ltr'><strong>vocavit</strong></span> <span class='ocrx_word' id='word_1_6' title='bbox 580 335 597 357; x_wconf 88' lang='lat'>,</span> <span class='ocrx_word' id='word_1_7' title='bbox 637 303 685 350; x_wconf 85' lang='lat'>&amp;</span> <span class='ocrx_word' id='word_1_8' title='bbox 721 299 929 368; x_wconf 83' lang='lat' dir='ltr'>Spiritus</span> <span class='ocrx_word' id='word_1_9' title='bbox 950 295 1148 346; x_wconf 57' lang='lat' dir='ltr'><strong>Sanctus</strong></span> <span class='ocrx_word' id='word_1_10' title='bbox 1169 289 1330 358; x_wconf 84' lang='lat' dir='ltr'>posuit</span> <span class='ocrx_word' id='word_1_11' title='bbox 1348 306 1542 355; x_wconf 65' lang='lat' dir='ltr'><strong>regere,</strong></span> 
     </span>
     <span class='ocr_line' id='line_1_3' title="bbox 226 364 1543 430; baseline -0.01 -10"><span class='ocrx_word' id='word_1_12' title='bbox 226 371 488 420; x_wconf 79' lang='lat' dir='ltr'><strong>Ecclefiam</strong></span> <span class='ocrx_word' id='word_1_13' title='bbox 521 370 651 418; x_wconf 89' lang='lat' dir='ltr'><strong>suam</strong></span> <span class='ocrx_word' id='word_1_14' title='bbox 671 391 686 430; x_wconf 85' lang='lat'>3</span> <span class='ocrx_word' id='word_1_15' title='bbox 727 388 780 419; x_wconf 91' lang='lat' dir='ltr'><strong>ut</strong></span> <span class='ocrx_word' id='word_1_16' title='bbox 814 367 1042 420; x_wconf 88' lang='lat' dir='ltr'><strong>omnibus</strong></span> <span class='ocrx_word' id='word_1_17' title='bbox 1083 364 1304 413; x_wconf 80' lang='lat' dir='ltr'><strong>finiiliter</strong></span> <span class='ocrx_word' id='word_1_18' title='bbox 1342 365 1543 428; x_wconf 76' lang='lat' dir='ltr'><strong>optimae</strong></span> 
     </span>
     <span class='ocr_line' id='line_1_4' title="bbox 228 437 1545 510; baseline -0.009 -20"><span class='ocrx_word' id='word_1_19' title='bbox 228 447 345 490; x_wconf 76' lang='lat' dir='ltr'><strong>vitae</strong></span> <span class='ocrx_word' id='word_1_20' title='bbox 365 442 596 510; x_wconf 84' lang='lat' dir='ltr'><strong>exemplo</strong></span> <span class='ocrx_word' id='word_1_21' title='bbox 614 442 906 510; x_wconf 82' lang='lat' dir='ltr'><strong>praeluceant</strong></span> <span class='ocrx_word' id='word_1_22' title='bbox 924 476 940 497; x_wconf 88' lang='lat'>,</span> <span class='ocrx_word' id='word_1_23' title='bbox 954 440 1121 488; x_wconf 90' lang='lat' dir='ltr'><strong>locum</strong></span> <span class='ocrx_word' id='word_1_24' title='bbox 1135 440 1186 483; x_wconf 90' lang='lat' dir='ltr'><strong>in</strong></span> <span class='ocrx_word' id='word_1_25' title='bbox 1206 437 1264 482; x_wconf 84' lang='lat' dir='ltr'><strong>iis</strong></span> <span class='ocrx_word' id='word_1_26' title='bbox 1279 469 1295 491; x_wconf 90' lang='lat'>,</span> <span class='ocrx_word' id='word_1_27' title='bbox 1315 450 1421 499; x_wconf 82' lang='lat' dir='ltr'><strong>quae</strong></span> <span class='ocrx_word' id='word_1_28' title='bbox 1439 450 1545 480; x_wconf 90' lang='lat' dir='ltr'><strong>mo-</strong></span> 
     </span>
     <span class='ocr_line' id='line_1_5' title="bbox 228 503 1548 580; baseline -0.008 -20"><span class='ocrx_word' id='word_1_29' title='bbox 228 531 338 560; x_wconf 86' lang='lat' dir='ltr'><strong>rum</strong></span> <span class='ocrx_word' id='word_1_30' title='bbox 374 513 772 562; x_wconf 79' lang='lat' dir='ltr'><strong>reformationem</strong></span> <span class='ocrx_word' id='word_1_31' title='bbox 805 511 1018 580; x_wconf 57' lang='lat' dir='ltr'><strong>spectant</strong></span> <span class='ocrx_word' id='word_1_32' title='bbox 1040 547 1055 567; x_wconf 85' lang='lat'>,</span> <span class='ocrx_word' id='word_1_33' title='bbox 1091 507 1387 575; x_wconf 87' lang='lat' dir='ltr'><strong>postremum</strong></span> <span class='ocrx_word' id='word_1_34' title='bbox 1417 503 1548 551; x_wconf 83' lang='lat' dir='ltr'><strong>obti-</strong></span> 
     </span>
     <span class='ocr_line' id='line_1_6' title="bbox 228 574 1548 649; baseline -0.009 -17"><span class='ocrx_word' id='word_1_35' title='bbox 228 603 345 632; x_wconf 84' lang='lat' dir='ltr'><strong>nere</strong></span> <span class='ocrx_word' id='word_1_36' title='bbox 368 582 498 633; x_wconf 88' lang='lat' dir='ltr'><strong>haud</strong></span> <span class='ocrx_word' id='word_1_37' title='bbox 518 584 697 634; x_wconf 90' lang='lat' dir='ltr'><strong>debent</strong></span> <span class='ocrx_word' id='word_1_38' title='bbox 720 622 730 631; x_wconf 89' lang='lat'>.</span> <span class='ocrx_word' id='word_1_39' title='bbox 761 584 862 633; x_wconf 90' lang='lat' dir='ltr'><strong>Nos</strong></span> <span class='ocrx_word' id='word_1_40' title='bbox 884 578 1310 649; x_wconf 78' lang='lat' dir='ltr'><strong>itaquejudicium</strong></span> <span class='ocrx_word' id='word_1_41' title='bbox 1329 574 1455 644; x_wconf 76' lang='lat' dir='ltr'><strong>quasi</strong></span> <span class='ocrx_word' id='word_1_42' title='bbox 1473 578 1548 621; x_wconf 90' lang='lat' dir='ltr'><strong>in-</strong></span> 
     </span>
     <span class='ocr_line' id='line_1_7' title="bbox 232 648 1549 721; baseline -0.005 -20"><span class='ocrx_word' id='word_1_43' title='bbox 232 657 471 721; x_wconf 87' lang='lat' dir='ltr'><strong>cipientes</strong></span> <span class='ocrx_word' id='word_1_44' title='bbox 506 674 532 704; x_wconf 85' lang='lat' dir='ltr'><strong>a</strong></span> <span class='ocrx_word' id='word_1_45' title='bbox 549 655 717 704; x_wconf 91' lang='lat' dir='ltr'><strong>Domo</strong></span> <span class='ocrx_word' id='word_1_46' title='bbox 736 654 837 704; x_wconf 91' lang='lat' dir='ltr'><strong>Dei</strong></span> <span class='ocrx_word' id='word_1_47' title='bbox 853 691 869 712; x_wconf 87' lang='lat'>,</span> <span class='ocrx_word' id='word_1_48' title='bbox 900 652 1149 701; x_wconf 80' lang='lat' dir='ltr'><strong>universos</strong></span> <span class='ocrx_word' id='word_1_49' title='bbox 1170 665 1423 699; x_wconf 85' lang='lat' dir='ltr'><strong>monemus</strong></span> <span class='ocrx_word' id='word_1_50' title='bbox 1443 684 1460 705; x_wconf 86' lang='lat'><strong><em>,</em></strong></span> <span class='ocrx_word' id='word_1_51' title='bbox 1499 648 1549 695; x_wconf 83' lang='lat'>&amp;</span> 
     </span>
     <span class='ocr_line' id='line_1_8' title="bbox 229 715 1549 793; baseline -0.007 -20"><span class='ocrx_word' id='word_1_52' title='bbox 229 723 487 773; x_wconf 83' lang='lat' dir='ltr'>hortamur</span> <span class='ocrx_word' id='word_1_53' title='bbox 507 724 925 793; x_wconf 86' lang='lat' dir='ltr'><strong>Archiepiscopos</strong></span> <span class='ocrx_word' id='word_1_54' title='bbox 944 760 959 782; x_wconf 90' lang='lat'>,</span> <span class='ocrx_word' id='word_1_55' title='bbox 994 726 1043 773; x_wconf 72' lang='grc' dir='ltr'><strong>ὃ(</strong></span> <span class='ocrx_word' id='word_1_56' title='bbox 1063 719 1322 789; x_wconf 84' lang='lat' dir='ltr'><strong>Episcopos</strong></span> <span class='ocrx_word' id='word_1_57' title='bbox 1342 756 1358 776; x_wconf 84' lang='lat'>‚</span> <span class='ocrx_word' id='word_1_58' title='bbox 1384 733 1438 766; x_wconf 88' lang='lat' dir='ltr'><strong>ut</strong></span> <span class='ocrx_word' id='word_1_59' title='bbox 1456 715 1549 766; x_wconf 88' lang='lat' dir='ltr'><strong>fra-</strong></span> 
     </span>
     <span class='ocr_line' id='line_1_9' title="bbox 228 787 1550 861; baseline -0.007 -18"><span class='ocrx_word' id='word_1_60' title='bbox 228 811 365 843; x_wconf 84' lang='lat' dir='ltr'><strong>terna</strong></span> <span class='ocrx_word' id='word_1_61' title='bbox 384 795 430 843; x_wconf 86' lang='lat' dir='ltr'><strong>se</strong></span> <span class='ocrx_word' id='word_1_62' title='bbox 452 795 640 861; x_wconf 85' lang='lat' dir='ltr'><strong>semper</strong></span> <span class='ocrx_word' id='word_1_63' title='bbox 659 796 895 843; x_wconf 82' lang='lat' dir='ltr'><strong>charitate</strong></span> <span class='ocrx_word' id='word_1_64' title='bbox 911 794 1358 860; x_wconf 73' lang='lat' dir='ltr'><strong>diligant2invicem</strong></span> <span class='ocrx_word' id='word_1_65' title='bbox 1378 787 1550 854; x_wconf 80' lang='lat' dir='ltr'><strong>aequali</strong></span> 
     </span>
     <span class='ocr_line' id='line_1_10' title="bbox 228 859 1551 929; baseline -0.005 -17"><span class='ocrx_word' id='word_1_66' title='bbox 228 864 274 914; x_wconf 82' lang='lat' dir='ltr'><strong>se</strong></span> <span class='ocrx_word' id='word_1_67' title='bbox 307 869 621 912; x_wconf 85' lang='lat' dir='ltr'><strong>veneratione</strong></span> <span class='ocrx_word' id='word_1_68' title='bbox 638 868 990 929; x_wconf 73' lang='lat' dir='ltr'><strong>praevenientes</strong></span> <span class='ocrx_word' id='word_1_69' title='bbox 1010 881 1024 919; x_wconf 92' lang='lat'>;</span> <span class='ocrx_word' id='word_1_70' title='bbox 1055 861 1338 926; x_wconf 83' lang='lat' dir='ltr'><strong>servatoque</strong></span> <span class='ocrx_word' id='word_1_71' title='bbox 1357 859 1551 907; x_wconf 87' lang='lat' dir='ltr'><strong>Metro-—</strong></span> 
     </span>
     <span class='ocr_line' id='line_1_11' title="bbox 224 930 1551 1001; baseline -0.004 -19"><span class='ocrx_word' id='word_1_72' title='bbox 224 933 443 996; x_wconf 82' lang='lat' dir='ltr'><strong>politani</strong></span> <span class='ocrx_word' id='word_1_73' title='bbox 460 933 967 1001; x_wconf 77' lang='lat' dir='ltr'><strong>primatu‚secundum</strong></span> <span class='ocrx_word' id='word_1_74' title='bbox 980 930 1070 981; x_wconf 79' lang='lat' dir='ltr'><strong>suae</strong></span> <span class='ocrx_word' id='word_1_75' title='bbox 1089 931 1406 978; x_wconf 85' lang='lat' dir='ltr'><strong>ordinationis</strong></span> <span class='ocrx_word' id='word_1_76' title='bbox 1427 943 1551 977; x_wconf 89' lang='lat' dir='ltr'><strong>tem·-</strong></span> 
     </span>
     <span class='ocr_line' id='line_1_12' title="bbox 217 1000 1463 1072; baseline -0.006 -19"><span class='ocrx_word' id='word_1_77' title='bbox 217 1022 315 1072; x_wconf 74' lang='lat' dir='ltr'><strong>pus</strong></span> <span class='ocrx_word' id='word_1_78' title='bbox 331 1039 352 1065; x_wconf 81' lang='lat'><em>,</em></span> <span class='ocrx_word' id='word_1_79' title='bbox 383 1005 506 1055; x_wconf 86' lang='lat' dir='ltr'><strong>alius</strong></span> <span class='ocrx_word' id='word_1_80' title='bbox 522 1003 610 1053; x_wconf 86' lang='lat' dir='ltr'><strong>alii</strong></span> <span class='ocrx_word' id='word_1_81' title='bbox 629 1003 815 1054; x_wconf 88' lang='lat' dir='ltr'><strong>deferat</strong></span> <span class='ocrx_word' id='word_1_82' title='bbox 847 1004 1014 1054; x_wconf 90' lang='lat' dir='ltr'><strong>locum</strong></span> <span class='ocrx_word' id='word_1_83' title='bbox 1031 1037 1046 1057; x_wconf 90' lang='lat'><strong>,</strong></span> <span class='ocrx_word' id='word_1_84' title='bbox 1083 1003 1131 1051; x_wconf 83' lang='lat'>&amp;</span> <span class='ocrx_word' id='word_1_85' title='bbox 1161 1000 1400 1049; x_wconf 85' lang='lat' dir='ltr'><strong>honorem</strong></span> <span class='ocrx_word' id='word_1_86' title='bbox 1419 1007 1434 1025; x_wconf 76' lang='lat'>³</span> <span class='ocrx_word' id='word_1_87' title='bbox 1453 1034 1463 1044; x_wconf 90' lang='lat'><strong>.</strong></span> 
     </span>
    </p>
   </div>
   <div class='ocr_carea' id='block_1_2' title="bbox 707 1119 1089 1169">
    <p class='ocr_par' dir='ltr' id='par_1_2' title="bbox 707 1119 1089 1169">
     <span class='ocr_line' id='line_1_13' title="bbox 707 1119 1089 1169; baseline -0.013 0"><span class='ocrx_word' id='word_1_88' title='bbox 707 1119 932 1169; x_wconf 89' lang='lat' dir='ltr'><strong>CAP.</strong></span> <span class='ocrx_word' id='word_1_89' title='bbox 1007 1119 1089 1168; x_wconf 89' lang='grc' dir='ltr'><strong>ΙΙ.</strong></span> 
     </span>
    </p>
   </div>
   <div class='ocr_carea' id='block_1_3' title="bbox 413 1232 1360 1376">
    <p class='ocr_par' dir='ltr' id='par_1_3' title="bbox 413 1232 1360 1376">
     <span class='ocr_line' id='line_1_14' title="bbox 413 1232 1360 1306; baseline -0.002 -19"><span class='ocrx_word' id='word_1_90' title='bbox 413 1240 447 1288; x_wconf 86' lang='lat' dir='ltr'><em>S</em></span> <span class='ocrx_word' id='word_1_91' title='bbox 451 1259 508 1287; x_wconf 72' lang='lat' dir='ltr'><strong>21ae</strong></span> <span class='ocrx_word' id='word_1_92' title='bbox 546 1237 750 1287; x_wconf 76' lang='lat' dir='ltr'><strong>memores</strong></span> <span class='ocrx_word' id='word_1_93' title='bbox 782 1237 1020 1306; x_wconf 64' lang='lat' dir='ltr'><strong>dignitatis</strong></span> <span class='ocrx_word' id='word_1_94' title='bbox 1051 1244 1067 1295; x_wconf 63' lang='lat'><strong>&#39;,</strong></span> <span class='ocrx_word' id='word_1_95' title='bbox 1099 1232 1360 1299; x_wconf 67' lang='lat' dir='ltr'><strong>sbculczrz&#39;um</strong></span> 
     </span>
     <span class='ocr_line' id='line_1_15' title="bbox 518 1308 1261 1376; baseline -0.011 -18"><span class='ocrx_word' id='word_1_96' title='bbox 518 1309 814 1376; x_wconf 74' lang='lat' dir='ltr'><strong>confitetudine</strong></span> <span class='ocrx_word' id='word_1_97' title='bbox 848 1329 898 1357; x_wconf 83' lang='lat' dir='ltr'><strong>ne</strong></span> <span class='ocrx_word' id='word_1_98' title='bbox 918 1308 1261 1376; x_wconf 75' lang='lat' dir='ltr'><strong>fi’deprimcmt.</strong></span> 
     </span>
    </p>
   </div>
   <div class='ocr_carea' id='block_1_4' title="bbox 220 1425 1542 2462">
    <p class='ocr_par' dir='ltr' id='par_1_4' title="bbox 320 1425 1542 1566">
     <span class='ocr_line' id='line_1_16' title="bbox 320 1425 1542 1497; baseline -0.003 -19"><span class='ocrx_word' id='word_1_99' title='bbox 320 1427 391 1478; x_wconf 89' lang='lat' dir='ltr'><strong>Ui</strong></span> <span class='ocrx_word' id='word_1_100' title='bbox 411 1443 639 1495; x_wconf 80' lang='lat' dir='ltr'><strong>praeterea</strong></span> <span class='ocrx_word' id='word_1_101' title='bbox 660 1430 835 1497; x_wconf 84' lang='lat' dir='ltr'><strong>gradus</strong></span> <span class='ocrx_word' id='word_1_102' title='bbox 852 1429 1122 1477; x_wconf 87' lang='lat' dir='ltr'><strong>altitudinis</strong></span> <span class='ocrx_word' id='word_1_103' title='bbox 1137 1427 1437 1493; x_wconf 85' lang='lat' dir='ltr'><strong>,summique</strong></span> <span class='ocrx_word' id='word_1_104' title='bbox 1455 1425 1542 1474; x_wconf 71' lang='grc' dir='ltr'>11οε-</span> 
     </span>
     <span class='ocr_line' id='line_1_17' title="bbox 353 1495 1540 1566; baseline 0.001 -22"><span class='ocrx_word' id='word_1_105' title='bbox 353 1503 505 1555; x_wconf 83' lang='lat' dir='ltr'><strong>noris,</strong></span> <span class='ocrx_word' id='word_1_106' title='bbox 523 1518 573 1546; x_wconf 91' lang='lat' dir='ltr'><strong>ac</strong></span> <span class='ocrx_word' id='word_1_107' title='bbox 597 1501 851 1566; x_wconf 74' lang='lat' dir='ltr'><strong>dignitatis</strong></span> <span class='ocrx_word' id='word_1_108' title='bbox 872 1516 1132 1555; x_wconf 88' lang='lat' dir='ltr'><strong>memores,</strong></span> <span class='ocrx_word' id='word_1_109' title='bbox 1152 1497 1208 1544; x_wconf 90' lang='lat' dir='ltr'><strong>ad</strong></span> <span class='ocrx_word' id='word_1_110' title='bbox 1225 1495 1391 1544; x_wconf 86' lang='lat' dir='ltr'><strong>infima</strong></span> <span class='ocrx_word' id='word_1_111' title='bbox 1411 1514 1540 1562; x_wconf 79' lang='lat' dir='ltr'><strong>quae-</strong></span> 
     </span>
    </p>

    <p class='ocr_par' dir='ltr' id='par_1_5' title="bbox 220 1565 1538 2462">
     <span class='ocr_line' id='line_1_18' title="bbox 225 1565 1538 1633; baseline 0.002 -19"><span class='ocrx_word' id='word_1_112' title='bbox 225 1585 322 1633; x_wconf 87' lang='lat' dir='ltr'><strong>que</strong></span> <span class='ocrx_word' id='word_1_113' title='bbox 360 1567 404 1615; x_wconf 84' lang='lat' dir='ltr'><strong>se</strong></span> <span class='ocrx_word' id='word_1_114' title='bbox 433 1588 534 1617; x_wconf 90' lang='lat' dir='ltr'><strong>non</strong></span> <span class='ocrx_word' id='word_1_115' title='bbox 568 1569 796 1629; x_wconf 78' lang='lat' dir='ltr'><strong>abjiciant</strong></span> <span class='ocrx_word' id='word_1_116' title='bbox 814 1605 830 1625; x_wconf 89' lang='lat'>‚</span> <span class='ocrx_word' id='word_1_117' title='bbox 867 1572 1080 1615; x_wconf 75' lang='lat' dir='ltr'><strong>nimium</strong></span> <span class='ocrx_word' id='word_1_118' title='bbox 1116 1568 1162 1615; x_wconf 91' lang='lat' dir='ltr'><strong>se</strong></span> <span class='ocrx_word' id='word_1_119' title='bbox 1200 1565 1538 1633; x_wconf 57' lang='lat' dir='ltr'><strong>potissimum</strong></span> 
     </span>
     <span class='ocr_line' id='line_1_19' title="bbox 224 1635 1536 1703; baseline 0.001 -21"><span class='ocrx_word' id='word_1_120' title='bbox 224 1635 515 1685; x_wconf 79' lang='lat' dir='ltr'><strong>secularium</strong></span> <span class='ocrx_word' id='word_1_121' title='bbox 536 1638 878 1686; x_wconf 86' lang='lat' dir='ltr'><strong>consuetudine</strong></span> <span class='ocrx_word' id='word_1_122' title='bbox 898 1671 914 1695; x_wconf 79' lang='lat'><strong>,</strong></span> <span class='ocrx_word' id='word_1_123' title='bbox 949 1657 1002 1686; x_wconf 88' lang='lat' dir='ltr'><strong>ac</strong></span> <span class='ocrx_word' id='word_1_124' title='bbox 1027 1636 1355 1686; x_wconf 79' lang='lat' dir='ltr'><strong>familiaritate</strong></span> <span class='ocrx_word' id='word_1_125' title='bbox 1374 1636 1536 1703; x_wconf 83' lang='lat' dir='ltr'><strong>depri-</strong></span> 
     </span>
     <span class='ocr_line' id='line_1_20' title="bbox 226 1705 1535 1775; baseline 0.002 -23"><span class='ocrx_word' id='word_1_126' title='bbox 226 1722 413 1754; x_wconf 83' lang='lat' dir='ltr'><strong>mentes</strong></span> <span class='ocrx_word' id='word_1_127' title='bbox 435 1743 447 1753; x_wconf 85' lang='lat'><strong>.</strong></span> <span class='ocrx_word' id='word_1_128' title='bbox 487 1709 546 1756; x_wconf 83' lang='lat' dir='ltr'><strong>In</strong></span> <span class='ocrx_word' id='word_1_129' title='bbox 574 1708 695 1756; x_wconf 89' lang='lat' dir='ltr'><strong>aulis</strong></span> <span class='ocrx_word' id='word_1_130' title='bbox 716 1709 1006 1775; x_wconf 85' lang='lat' dir='ltr'><strong>Principum</strong></span> <span class='ocrx_word' id='word_1_131' title='bbox 1023 1745 1040 1767; x_wconf 86' lang='lat'>‚</span> <span class='ocrx_word' id='word_1_132' title='bbox 1070 1707 1156 1757; x_wconf 87' lang='lat' dir='ltr'><strong>nifi</strong></span> <span class='ocrx_word' id='word_1_133' title='bbox 1174 1705 1389 1756; x_wconf 85' lang='lat' dir='ltr'><strong>Ecclefiae</strong></span> <span class='ocrx_word' id='word_1_134' title='bbox 1408 1741 1424 1762; x_wconf 90' lang='lat'>‚</span> <span class='ocrx_word' id='word_1_135' title='bbox 1453 1706 1535 1754; x_wconf 82' lang='lat' dir='ltr'><strong>vel</strong></span> 
     </span>
     <span class='ocr_line' id='line_1_21' title="bbox 224 1774 1532 1845; baseline 0.002 -24"><span class='ocrx_word' id='word_1_136' title='bbox 224 1775 313 1822; x_wconf 86' lang='lat' dir='ltr'><strong>alia</strong></span> <span class='ocrx_word' id='word_1_137' title='bbox 335 1777 385 1822; x_wconf 90' lang='lat' dir='ltr'><strong>id</strong></span> <span class='ocrx_word' id='word_1_138' title='bbox 405 1778 608 1843; x_wconf 82' lang='lat' dir='ltr'><strong>postulet</strong></span> <span class='ocrx_word' id='word_1_139' title='bbox 630 1783 821 1845; x_wconf 83' lang='lat' dir='ltr'><strong>pietatis</strong></span> <span class='ocrx_word' id='word_1_140' title='bbox 838 1778 1078 1827; x_wconf 77' lang='lat' dir='ltr'><strong>necessitas</strong></span> <span class='ocrx_word' id='word_1_141' title='bbox 1100 1815 1116 1835; x_wconf 86' lang='lat'><strong>,</strong></span> <span class='ocrx_word' id='word_1_142' title='bbox 1132 1796 1229 1827; x_wconf 90' lang='lat' dir='ltr'><strong>non</strong></span> <span class='ocrx_word' id='word_1_143' title='bbox 1247 1774 1496 1824; x_wconf 86' lang='lat' dir='ltr'><strong>versentur</strong></span> <span class='ocrx_word' id='word_1_144' title='bbox 1516 1796 1532 1836; x_wconf 90' lang='lat'>;</span> 
     </span>
     <span class='ocr_line' id='line_1_22' title="bbox 224 1846 1532 1915; baseline 0.001 -22"><span class='ocrx_word' id='word_1_145' title='bbox 224 1864 333 1902; x_wconf 87' lang='lat' dir='ltr'><strong>nec,</strong></span> <span class='ocrx_word' id='word_1_146' title='bbox 353 1850 413 1893; x_wconf 83' lang='lat' dir='ltr'><strong>iis</strong></span> <span class='ocrx_word' id='word_1_147' title='bbox 433 1846 871 1905; x_wconf 73' lang='lat' dir='ltr'><strong>discumbentibus,</strong></span> <span class='ocrx_word' id='word_1_148' title='bbox 887 1848 1007 1896; x_wconf 91' lang='lat' dir='ltr'><strong>stent</strong></span> <span class='ocrx_word' id='word_1_149' title='bbox 1023 1848 1111 1915; x_wconf 78' lang='lat' dir='ltr'><strong>ipsi</strong></span> <span class='ocrx_word' id='word_1_150' title='bbox 1128 1883 1144 1906; x_wconf 91' lang='lat'>,</span> <span class='ocrx_word' id='word_1_151' title='bbox 1160 1867 1215 1897; x_wconf 92' lang='lat' dir='ltr'><strong>eo</strong></span> <span class='ocrx_word' id='word_1_152' title='bbox 1234 1846 1390 1894; x_wconf 86' lang='lat' dir='ltr'><strong>adhuc</strong></span> <span class='ocrx_word' id='word_1_153' title='bbox 1410 1864 1532 1912; x_wconf 83' lang='lat' dir='ltr'><strong>prae·-</strong></span> 
     </span>
     <span class='ocr_line' id='line_1_23' title="bbox 226 1915 1532 1985; baseline -0.001 -21"><span class='ocrx_word' id='word_1_154' title='bbox 226 1931 397 1972; x_wconf 79' lang='lat' dir='ltr'><strong>textu,</strong></span> <span class='ocrx_word' id='word_1_155' title='bbox 433 1932 486 1964; x_wconf 87' lang='lat' dir='ltr'><strong>ut</strong></span> <span class='ocrx_word' id='word_1_156' title='bbox 507 1953 521 1972; x_wconf 76' lang='grc'>,</span> <span class='ocrx_word' id='word_1_157' title='bbox 549 1915 741 1984; x_wconf 61' lang='lat' dir='ltr'><strong>*sumpto</strong></span> <span class='ocrx_word' id='word_1_158' title='bbox 769 1917 911 1974; x_wconf 82' lang='lat' dir='ltr'><strong>cibo,</strong></span> <span class='ocrx_word' id='word_1_159' title='bbox 950 1919 1060 1967; x_wconf 85' lang='lat' dir='ltr'><strong>Deo</strong></span> <span class='ocrx_word' id='word_1_160' title='bbox 1101 1937 1189 1985; x_wconf 90' lang='lat' dir='ltr'><strong>pro</strong></span> <span class='ocrx_word' id='word_1_161' title='bbox 1226 1915 1326 1963; x_wconf 86' lang='lat' dir='ltr'><strong>illis</strong></span> <span class='ocrx_word' id='word_1_162' title='bbox 1354 1919 1532 1982; x_wconf 81' lang='lat' dir='ltr'><strong>gratias</strong></span> 
     </span>
     <span class='ocr_line' id='line_1_24' title="bbox 227 1984 1531 2054; baseline -0.002 -20"><span class='ocrx_word' id='word_1_163' title='bbox 227 2001 370 2051; x_wconf 85' lang='lat' dir='ltr'><strong>agant</strong></span> <span class='ocrx_word' id='word_1_164' title='bbox 386 2023 398 2034; x_wconf 89' lang='lat'>.</span> <span class='ocrx_word' id='word_1_165' title='bbox 439 1986 571 2035; x_wconf 83' lang='lat' dir='ltr'><strong>Cum</strong></span> <span class='ocrx_word' id='word_1_166' title='bbox 592 1989 787 2054; x_wconf 80' lang='lat' dir='ltr'><strong>Regum</strong></span> <span class='ocrx_word' id='word_1_167' title='bbox 804 1987 1045 2036; x_wconf 87' lang='lat' dir='ltr'><strong>Ministris</strong></span> <span class='ocrx_word' id='word_1_168' title='bbox 1065 2023 1080 2044; x_wconf 83' lang='grc'>,</span> <span class='ocrx_word' id='word_1_169' title='bbox 1097 1986 1385 2042; x_wconf 77' lang='lat' dir='ltr'><strong>Baronibus,</strong></span> <span class='ocrx_word' id='word_1_170' title='bbox 1404 1984 1531 2033; x_wconf 83' lang='lat' dir='ltr'><strong>aliis-</strong></span> 
     </span>
     <span class='ocr_line' id='line_1_25' title="bbox 223 2056 1532 2125; baseline 0.002 -22"><span class='ocrx_word' id='word_1_171' title='bbox 223 2074 318 2123; x_wconf 90' lang='lat' dir='ltr'><strong>que</strong></span> <span class='ocrx_word' id='word_1_172' title='bbox 352 2056 680 2106; x_wconf 74' lang='lat' dir='ltr'><strong>consimilibus</strong></span> <span class='ocrx_word' id='word_1_173' title='bbox 719 2058 954 2123; x_wconf 84' lang='lat' dir='ltr'><strong>Dynastis</strong></span> <span class='ocrx_word' id='word_1_174' title='bbox 986 2094 1001 2115; x_wconf 93' lang='lat'>,</span> <span class='ocrx_word' id='word_1_175' title='bbox 1037 2062 1104 2105; x_wconf 88' lang='lat' dir='ltr'><strong>ita</strong></span> <span class='ocrx_word' id='word_1_176' title='bbox 1142 2056 1186 2107; x_wconf 89' lang='lat' dir='ltr'><strong>se</strong></span> <span class='ocrx_word' id='word_1_177' title='bbox 1222 2072 1392 2125; x_wconf 84' lang='lat' dir='ltr'><strong>gerant</strong></span> <span class='ocrx_word' id='word_1_178' title='bbox 1422 2092 1438 2113; x_wconf 86' lang='lat'>,</span> <span class='ocrx_word' id='word_1_179' title='bbox 1478 2072 1532 2106; x_wconf 89' lang='lat' dir='ltr'><strong>ut</strong></span> 
     </span>
     <span class='ocr_line' id='line_1_26' title="bbox 223 2128 1529 2195; baseline 0.002 -22"><span class='ocrx_word' id='word_1_180' title='bbox 223 2130 429 2175; x_wconf 88' lang='lat' dir='ltr'><strong>omnino</strong></span> <span class='ocrx_word' id='word_1_181' title='bbox 466 2133 518 2176; x_wconf 88' lang='lat' dir='ltr'><strong>in</strong></span> <span class='ocrx_word' id='word_1_182' title='bbox 553 2128 774 2195; x_wconf 83' lang='lat' dir='ltr'><strong>Epistolis</strong></span> <span class='ocrx_word' id='word_1_183' title='bbox 810 2165 825 2186; x_wconf 91' lang='lat'><strong><em>,</em></strong></span> <span class='ocrx_word' id='word_1_184' title='bbox 863 2131 913 2178; x_wconf 84' lang='lat'>&amp;</span> <span class='ocrx_word' id='word_1_185' title='bbox 949 2147 1112 2176; x_wconf 85' lang='lat' dir='ltr'><strong>earum</strong></span> <span class='ocrx_word' id='word_1_186' title='bbox 1146 2128 1529 2194; x_wconf 71' lang='lat' dir='ltr'><strong>subscriptione,</strong></span> 
     </span>
     <span class='ocr_line' id='line_1_27' title="bbox 220 2196 1529 2265; baseline 0.002 -21"><span class='ocrx_word' id='word_1_187' title='bbox 220 2196 446 2245; x_wconf 77' lang='lat' dir='ltr'><strong>formulis</strong></span> <span class='ocrx_word' id='word_1_188' title='bbox 465 2215 734 2265; x_wconf 87' lang='lat' dir='ltr'><strong>numquam</strong></span> <span class='ocrx_word' id='word_1_189' title='bbox 749 2214 943 2248; x_wconf 89' lang='lat' dir='ltr'><strong>utantur</strong></span> <span class='ocrx_word' id='word_1_190' title='bbox 960 2199 1267 2249; x_wconf 84' lang='lat' dir='ltr'><strong>inferioribus</strong></span> <span class='ocrx_word' id='word_1_191' title='bbox 1283 2218 1296 2257; x_wconf 83' lang='lat'>3</span> <span class='ocrx_word' id='word_1_192' title='bbox 1315 2214 1457 2264; x_wconf 88' lang='lat' dir='ltr'><strong>atque</strong></span> <span class='ocrx_word' id='word_1_193' title='bbox 1477 2202 1529 2246; x_wconf 91' lang='lat' dir='ltr'><strong>in</strong></span> 
     </span>
     <span class='ocr_line' id='line_1_28' title="bbox 220 2268 1527 2337; baseline 0.004 -23"><span class='ocrx_word' id='word_1_194' title='bbox 220 2272 403 2316; x_wconf 86' lang='lat' dir='ltr'><strong>mutuis</strong></span> <span class='ocrx_word' id='word_1_195' title='bbox 426 2268 781 2318; x_wconf 86' lang='lat' dir='ltr'><strong>vifitationibus</strong></span> <span class='ocrx_word' id='word_1_196' title='bbox 803 2305 819 2328; x_wconf 86' lang='lat'>‚</span> <span class='ocrx_word' id='word_1_197' title='bbox 846 2274 1080 2337; x_wconf 86' lang='lat' dir='ltr'><strong>omnique</strong></span> <span class='ocrx_word' id='word_1_198' title='bbox 1100 2270 1194 2319; x_wconf 88' lang='lat' dir='ltr'><strong>alio</strong></span> <span class='ocrx_word' id='word_1_199' title='bbox 1211 2273 1527 2319; x_wconf 87' lang='lat' dir='ltr'><strong>humanitatis</strong></span> 
     </span>
     <span class='ocr_line' id='line_1_29' title="bbox 223 2339 1524 2401; baseline 0.002 -16"><span class='ocrx_word' id='word_1_200' title='bbox 223 2344 517 2389; x_wconf 89' lang='lat' dir='ltr'><strong>commercio</strong></span> <span class='ocrx_word' id='word_1_201' title='bbox 544 2375 560 2399; x_wconf 89' lang='lat'>,</span> <span class='ocrx_word' id='word_1_202' title='bbox 604 2339 700 2391; x_wconf 81' lang='lat' dir='ltr'><strong>five</strong></span> <span class='ocrx_word' id='word_1_203' title='bbox 734 2344 861 2392; x_wconf 87' lang='lat' dir='ltr'><strong>intra</strong></span> <span class='ocrx_word' id='word_1_204' title='bbox 876 2376 894 2401; x_wconf 90' lang='lat'>‚</span> <span class='ocrx_word' id='word_1_205' title='bbox 931 2339 1026 2390; x_wconf 82' lang='lat' dir='ltr'><strong>five</strong></span> <span class='ocrx_word' id='word_1_206' title='bbox 1063 2358 1199 2393; x_wconf 76' lang='lat' dir='ltr'><strong>extra</strong></span> <span class='ocrx_word' id='word_1_207' title='bbox 1232 2340 1487 2392; x_wconf 75' lang='lat' dir='ltr'><strong>Ecclesiam</strong></span> <span class='ocrx_word' id='word_1_208' title='bbox 1506 2374 1524 2398; x_wconf 88' lang='lat'>,</span> 
     </span>
     <span class='ocr_line' id='line_1_30' title="bbox 1413 2430 1526 2462; baseline -0.018 0"><span class='ocrx_word' id='word_1_209' title='bbox 1413 2430 1526 2462; x_wconf 85' lang='lat' dir='ltr'><strong>cum</strong></span> 
     </span>
    </p>
   </div>
   <div class='ocr_carea' id='block_1_5' title="bbox 1571 966 1796 1090">
    <p class='ocr_par' dir='ltr' id='par_1_6' title="bbox 1571 966 1796 1090">
     <span class='ocr_line' id='line_1_31' title="bbox 1571 966 1796 1042; baseline -0.009 -4"><span class='ocrx_word' id='word_1_210' title='bbox 1571 1008 1646 1038; x_wconf 80' lang='lat' dir='ltr'><strong>Can.</strong></span> <span class='ocrx_word' id='word_1_211' title='bbox 1658 966 1796 1042; x_wconf 56' lang='lat' dir='ltr'><strong>Palacuit,</strong></span> 
     </span>
     <span class='ocr_line' id='line_1_32' title="bbox 1571 1049 1707 1090; baseline -0.007 -5"><span class='ocrx_word' id='word_1_212' title='bbox 1571 1049 1639 1090; x_wconf 77' lang='lat' dir='ltr'><strong>dist.</strong></span> <span class='ocrx_word' id='word_1_213' title='bbox 1653 1061 1667 1085; x_wconf 82' lang='lat'>1</span> <span class='ocrx_word' id='word_1_214' title='bbox 1676 1052 1707 1084; x_wconf 83' lang='lat'><strong>8.</strong></span> 
     </span>
    </p>
   </div>
  </div>
 </body>
</html>
