2043 2958
473 241 539 302 48
823 237 1444 289 CoNcmuRoMAm

474 309 775 360 Auditorem
807 310 1105 379 appellatum
1124 348 1140 369 ,
1175 310 1256 359 vel
1293 309 1351 358 ad
1373 309 1792 379 Congregationes

474 379 692 430 recursus
719 380 914 430 habitus
936 418 953 440 ,
981 380 1120 430 illice
1153 402 1177 430 a
1206 379 1427 449 partibus
1475 381 1534 428 de
1568 380 1793 439 recursu,

476 453 526 502 &
557 451 881 519 appellatione
913 452 1190 520 hujusmodi
1222 455 1403 501 certior
1432 448 1514 499 fiat
1533 448 1795 501 Promotor

476 519 673 571 Fiscalis
692 522 946 572 Generalis
967 560 983 582 ,
1017 542 1166 592 quem
1183 523 1267 574 hic
1287 527 1339 570 in
1357 520 1524 570 eadem
1546 521 1692 573 Urbe
1710 541 1798 571 no-

476 591 566 640 stra
582 628 597 649 ‚
627 592 712 642 sub
732 595 818 642 tali
838 595 984 643 titulo
1004 632 1021 654 ‚
1037 600 1089 642 in
1108 594 1462 661 Episcoporum
1478 627 1494 649 ,
1510 593 1560 642 &
1578 592 1799 660 Regula-

476 663 847 726 riumjudicum
876 665 1101 713 levamen
1117 681 1273 731 nuper
1292 665 1530 730 perpetue
1546 663 1797 712 constitui-

476 751 584 780 mus
602 769 610 779 .
632 731 676 781 Is
698 737 879 781 etenim
897 738 948 783 in
963 735 1327 802 posterumjura
1345 730 1471 782 Fisci
1491 732 1794 782 ecclesiastici

480 802 839 870 appellati,tum
859 809 909 852 in
923 806 1066 853 caufis
1083 804 1263 854 eisdem
1278 803 1703 861 introductisssum
1721 809 1798 854 in-

479 874 813 932 troducendis,
832 877 880 924 &
897 894 1001 942 quae
1023 875 1128 922 actu
1141 879 1192 922 in
1207 874 1419 942 praefatis
1437 873 1793 925 Tribunalibus

482 944 697 1010 pendent
712 981 728 1002 ‚
755 965 845 1013 pro
873 944 944 993 sui
962 949 1179 995 muneris
1201 943 1368 994 debito
1389 941 1644 1003 defendet3
1670 946 1796 1008 justo

481 1013 756 1072 dumtaxat,
771 1019 816 1065 ὃ(
833 1020 1268 1081 convenienti5per
1291 1015 1391 1063 Nos
1411 1016 1569 1062 eidem
1591 1015 1799 1082 assigna-

481 1096 551 1138 t0,
566 1084 802 1150 stipendio
820 1086 1069 1134 scutorum
1085 1087 1494 1152 vigintiquinque
1512 1119 1529 1140 ,
1549 1103 1573 1132 a
1591 1084 1799 1135 Camera

481 1153 637 1201 nostra
655 1155 940 1221 Apostolica
958 1156 1153 1222 singulis
1174 1153 1415 1201 mensibus
1433 1152 1796 1216 solvendorum,

484 1238 740 1271 contentus
761 1244 776 1282 ;
805 1240 951 1291 prout
969 1228 1021 1273 in
1033 1224 1386 1291 Chirographo
1417 1223 1577 1272 nostro
1611 1224 1698 1275 sub
1719 1229 1799 1276 die

490 1312 510 1341 1
525 1293 856 1362 2.Juliielaps1
875 1300 986 1344 anni
1012 1314 1029 1342 1
1045 1314 1157 1357 724.
1179 1294 1412 1363 expedito
1427 1330 1443 1352 ,
1462 1298 1515 1342 in
1532 1295 1675 1358 hujus
1689 1298 1799 1366 Ap-

485 1364 692 1432 pendice
712 1366 932 1414 Concilii
951 1366 1181 1434 legendo,
1201 1366 1396 1433 plenius
1417 1369 1697 1415 continetur
1711 1402 1722 1413 .

714 1524 1326 1587 TITULUS
1402 1524 1567 1587 XV.

487 1621 587 1683 De
604 1621 1009 1685 celebratione
1028 1621 1379 1691 Missarum,
1396 1622 1573 1685 Sacra
1582 1641 1793 1687 mento

593 1703 993 1771 Eucharistiae
1012 1754 1026 1778 ‚
1062 1713 1126 1771 ὃς
1149 1707 1405 1773 Divinis
1423 1709 1664 1771 Officiis
1681 1751 1697 1770 .

977 1819 1024 1869 C
1060 1820 1112 1869 A
1150 1820 1204 1870 P.
1278 1820 1316 1868 I.

488 1888 541 1938 In
568 1888 603 1937 S
605 1904 948 1937 aeramentorum
979 1890 1447 1939 administrationibus
1469 1927 1485 1950 ‚
1524 1889 1796 1960 Mgffizrmm.

560 1960 850 2008 celebratione
869 1995 885 2016 ‚
917 1961 1156 2027 ceterzsqzte
1182 1962 1363 2009 divinis
1378 1963 1552 2029 Officiis
1570 1998 1587 2020 ,
1610 1980 1724 2031 prae-

626 2030 791 2097 scripti
810 2028 949 2078 Ritus
969 2065 985 2086 ‚
1015 2032 1069 2077 ΚΥ
1091 2031 1352 2080 Caeremoniae
1365 2034 1619 2099 serventur
1638 2071 1649 2081 .
1686 2016 1787 2107 'sa-s»
1810 2033 1898 2097 sy

491 2135 706 2307 CU
725 2156 755 2181 Μ
786 2135 1049 2185 invisibilia
1082 2137 1182 2187 Dei
1211 2156 1298 2206 per
1327 2138 1534 2189 vifibilia
1571 2137 1793 2206 Religio-

674 2210 748 2254 nis
767 2242 782 2263 ,
803 2226 854 2254 ac
870 2211 1063 2275 pietatis
1086 2207 1211 2275 signa
1228 2245 1242 2267 ,
1265 2227 1371 2278 quae
1390 2213 1792 2259 caeremoniarum

677 2282 871 2326 nomine
906 2278 1155 2327 censentur
1174 2316 1189 2337 ‚
1227 2280 1471 2329 intellecta
1493 2280 1793 2349 conspician-

490 2362 587 2405 tur,
602 2348 850 2398 pastoralis
870 2350 1015 2399 nostri
1032 2356 1248 2400 muneris
1268 2370 1434 2401 curam
1451 2351 1507 2401 ad
1523 2351 1618 2402 hoc
1634 2357 1796 2400 inten-

1610 2423 1792 2481 dimus,
