2043 2958
288 1041 307 1062 a

215 1081 281 1111 Hoc
292 1077 354 1111 Tic.

490 244 585 287 104
796 226 1465 276 CothtrrRoMAN1

654 367 1245 440 TITULUS
1322 369 1629 437 XXIX.

804 491 905 555 De
925 491 1464 559 Accusationibus
1483 538 1496 552 .

848 635 1076 686 CAP.
1153 635 1446 687 UNIC.

475 737 528 788 In
547 739 915 790 Provincialibus
938 742 1146 792 Conciliis
1175 742 1419 807 Synodales
1442 740 1608 794 Testes
1639 740 1805 811 eligan-

673 827 747 859 tur
768 848 784 870 ,
820 831 884 871 ω’
905 814 967 863 ad
978 833 1122 864 eorum
1153 814 1294 882 qfficia
1314 813 1578 881 deputentur
1598 850 1608 860 .

646 933 696 984 U
716 957 741 982 A
765 958 789 982 a
808 957 834 982 T
854 956 866 983 1
903 936 1229 988 Lateranenfis
1251 935 1471 986 Concilii
1488 936 1725 994 Decreto,
1745 940 1797 985 in

477 933 908 1111 QCapitulo
937 1008 1067 1054 Sicut
1085 1009 1220 1054 olzm²
1253 1007 1403 1055 relato
1423 1042 1439 1062 ,
1467 1008 1673 1073 provide
1706 1006 1797 1055 sub

669 1086 831 1140 'poena
850 1111 867 1132 ‚
899 1075 1084 1123 ibidem
1113 1089 1279 1122 contra
1294 1075 1599 1141 negligentes
1621 1094 1801 1143 propo-

477 1146 559 1194 fita
576 1182 592 1202 ,
627 1144 938 1213 suspenfionis
971 1142 1158 1194 scilicet
1175 1146 1234 1193 ab
1252 1145 1414 1194 officio
1430 1182 1447 1202 9
1478 1146 1801 1198 constitutum

479 1217 715 1266 habemus
735 1251 751 1272 ,
773 1230 824 1263 ut
844 1214 1064 1282 qualibet
1085 1220 1137 1262 in
1153 1214 1454 1264 Provinciali
1473 1217 1675 1282 Synodo
1691 1218 1800 1266 ido-

480 1305 581 1335 neae
602 1323 618 1343 ‚
650 1288 697 1336 &
718 1285 922 1336 honestae
954 1287 1166 1352 personae
1197 1286 1496 1345 statuantur,
1535 1307 1641 1355 quae
1672 1287 1800 1355 quasi

481 1357 644 1408 Testes
662 1357 952 1422 Synodales,
970 1357 1278 1426 fimpliciter,
1296 1360 1345 1408 ὃς
1366 1360 1424 1408 de
1442 1359 1609 1426 plano,
1631 1361 1679 1409 &
1698 1358 1801 1408 abs-

484 1446 579 1495 que
600 1427 1059 1490 ullajurildic'tionQ
1074 1448 1396 1498 quaecumque
1415 1434 1468 1477 in
1482 1429 1716 1488 Dioecefi,
1731 1434 1799 1479 eis

484 1497 708 1566 assignata
725 1536 741 1558 ,
761 1501 1078 1561 correctione,
1096 1504 1145 1553 ὃς
1166 1501 1508 1551 reformatione
1527 1501 1616 1551 fint
1637 1503 1800 1569 digna,

483 1573 768 1636 inquirant,
805 1591 855 1620 ea
874 1573 1141 1640 respective
1173 1574 1230 1621 ad
1257 1572 1731 1641 Metropolitanum,
1755 1574 1805 1622 &

481 1639 797 1707 suffraganeos
821 1677 837 1699 ,
872 1662 924 1691 ac
954 1643 1071 1692 alios
1098 1680 1114 1701 ,
1150 1647 1203 1690 in
1237 1643 1468 1692 Concilio
1500 1642 1800 1693 Provinciali

479 1708 700 1777 :sequenti
718 1713 1265 1781 congregatos‚fideliter
1284 1712 1550 1772 delaturi3ii
1568 1729 1801 1780 quatenus

481 1776 624 1848 super
643 1779 825 1831 eisdem
845 1818 862 1840 ‚
894 1801 1040 1851 prout
1063 1785 1303 1842 utilitati,
1335 1787 1385 1834 ὃς
1418 1785 1654 1832 honestati
1690 1803 1804 1832 con-

481 1857 671 1918 gruerit
686 1889 701 1910 ‚
720 1855 925 1922 provida
945 1855 1295 1904 deliberatione
1313 1856 1578 1923 procedant
1592 1892 1608 1913 ‚
1629 1856 1676 1903 &
1697 1874 1804 1922 quae
1823 1899 1825 1902 .

484 1923 734 1973 statuerint
749 1959 766 1982 ,
786 1926 1097 1994 adimplenda
1113 1931 1399 1994 praecipiant
1419 1962 1430 1973 .
1454 1927 1645 1975 Idcirco
1663 1926 1763 1975 Nos
1784 1962 1800 1983 ,

482 1994 614 2042 sacro
633 1993 727 2043 hoc
749 2000 896 2044 etiam
915 1997 1214 2064 approbante
1231 1997 1463 2047 Concilio
1481 2034 1496 2056 ‚
1528 1997 1801 2047 Decretum

483 2063 643 2131 ipsum
662 2085 685 2112 a
706 2064 1110 2134 Metropolitanis
1129 2068 1356 2118 omnibus
1383 2072 1437 2116 in
1458 2087 1628 2118 eorum
1644 2072 1804 2134 prima

482 2134 787 2185 Provinciali
822 2137 1025 2203 Synodo
1045 2139 1331 2188 celebranda
1350 2176 1365 2197 ,
1398 2158 1489 2207 pro
1514 2139 1680 2189 debito
1716 2138 1803 2188 sub

484 2206 651 2254 eadam
671 2224 814 2273 poena
834 2208 1081 2258 observari
1104 2210 1360 2274 jubemus:
1401 2231 1452 2259 ac
1485 2214 1685 2259 interim
1715 2228 1806 2277 pro

486 2296 774 2344 unaquaque
792 2277 1008 2347 specialis
1033 2282 1266 2331 Romanae
1286 2282 1560 2331 Provinciae
1588 2280 1806 2330 Dioecefi

492 2348 829 2399 ecclefiasticos
846 2352 992 2402 Viros
1010 2389 1026 2411 ,
1058 2371 1272 2420 quorum
1300 2357 1499 2402 nomina
1514 2352 1599 2402 hic
1629 2356 1681 2400 in
1697 2354 1807 2417 Ap-

1631 2424 1806 2492 pendi-
