2043 2958
584 204 895 259 'Ti-rurus
945 204 1163 258 ΧΥῙῙ.4
1471 220 1536 264 77

214 311 251 334 ‚‚
288 294 411 349 quos
431 292 640 346 quatuor
657 298 749 348 pro
770 284 916 330 tertio
934 277 1187 338 ultim0,&
1205 281 1539 347 peremptorio

218 383 254 406 22
292 355 507 401 termino
523 348 725 411 eisdem,
742 355 792 404 ὃ(
811 351 1016 402 cuilibet
1034 370 1205 400 eorum
1227 348 1538 416 affignamus5

215 455 251 478 2,
293 423 501 473 debeant
517 459 536 482 ‚
565 423 616 472 &
635 424 847 492 quilibet
867 442 1038 473 eorum
1056 422 1229 472 debeat
1246 457 1262 480 ,
1282 422 1419 468 omni
1435 437 1543 478 mos

217 525 253 548 2,
293 513 341 542 ra
360 531 376 552 ,
391 497 440 544 ἃ
455 495 767 545 cunctatione
783 495 1036 565 postpofita
1055 531 1072 553 ,
1101 494 1159 544 ab
1177 491 1345 543 eadem
1359 488 1503 542 Urbe
1523 526 1540 549 ,

217 596 254 619 υ
293 566 343 614 ὃ(
364 565 592 615 Romana
610 566 763 618 Curia
783 565 1026 617 discedere
1046 602 1062 624 ,
1099 567 1149 616 &
1180 565 1238 614 ad
1254 561 1355 612 suas
1371 559 1540 611 Eccle-

217 667 255 689 „
293 635 376 684 fias
400 670 417 693 ,
440 635 520 685 seu
541 637 785 687 Beneficia
804 638 946 687 retiis
963 636 1223 687 itineribus
1236 634 1283 684 se
1301 631 1540 690 conferre,

218 737 255 760 2,
292 705 476 774 ibique
492 707 797 775 personalem
812 708 967 759 facere
988 707 1290 758 residentiam
1309 741 1320 752 .
1340 703 1489 772 Quod
1507 702 1541 751 fi

216 809 254 830 ‚,
293 777 464 826 nostris
485 779 796 842 hujusmodi,
815 784 918 830 imo
935 783 1099 830 verius
1119 774 1417 846 Apostolicis
1435 791 1542 822 mo-

213 878 254 900 „
293 847 570 897 nitionibus
601 867 700 897 non
733 855 985 916 paruerint
1003 885 1019 906 ,
1051 849 1179 896 ultra
1196 863 1364 915 poenas
1399 848 1452 891 in
1470 842 1539 891 sa-

214 949 252 971 „
293 915 530 967 crosancii
547 918 767 969 Concilii
784 919 1068 971 Tridentini
1082 917 1385 974 Decretis,&
1399 915 1541 981 Apo-

216 1018 253 1040 „
291 987 470 1036 stolicis
491 989 942 1041 Constitutionibus
963 1003 1233 1045 contentas,
1252 1006 1308 1035 eo
1323 986 1429 1054 ipso
1446 984 1538 1034 Be-

217 1088 253 1111 „
290 1057 504 1105 neficiati
525 1058 774 1108 Seculares
812 1078 1015 1128 poenam
1035 1074 1234 1108 centum
1252 1057 1503 1105 scutorum
1517 1089 1535 1113 ,

217 1159 253 1181 „
291 1126 633 1194 applicandam
647 1147 738 1194 pro
751 1131 1007 1178 medietate
1021 1133 1116 1196 piis
1132 1127 1405 1195 ufibus,pro
1417 1126 1536 1174 alte-

216 1228 253 1251 „
290 1215 340 1244 ra
357 1195 540 1245 secreto
560 1197 891 1246 denuntiatori
907 1217 922 1259 ;
952 1215 1141 1247 necnon
1157 1212 1257 1246 tarn
1272 1196 1537 1253 Seculares,

214 1298 250 1321 „
289 1270 437 1333 quam
455 1266 726 1334 Regulares
758 1267 979 1336 praedicti
1012 1286 1214 1336 poenam
1238 1269 1441 1315 carceris
1480 1266 1538 1313 ad
1574 1281 1578 1285 ’

214 1368 250 1392 ,,
288 1337 502 1387 nostrum
522 1337 787 1388 arbitrium
805 1342 1069 1387 incurrant.
1092 1340 1152 1388 Et
1169 1338 1207 1387 si
1218 1337 1394 1405 aliquis
1413 1354 1537 1402 prae-

208 1438 245 1461 „
283 1407 717 1476 distorum,elapsis
737 1413 963 1459 terminis
977 1408 1301 1476 praefatis‚per
1319 1404 1537 1456 mensem

210 1509 246 1532 ‚2
289 1479 569 1545 neglexerit
590 1499 613 1527 a
627 1480 780 1529 Curia
796 1479 1019 1527 recedere
1038 1478 1096 1527 ad
1113 1478 1338 1526 effectum
1353 1475 1399 1525 se
1420 1495 1537 1524 con-

207 1579 239 1602 ,·
277 1547 465 1598 ferendi
494 1550 552 1599 ad
572 1548 703 1598 suam
721 1549 999 1606 Ecclefiam,
1021 1548 1306 1616 ibidemque
1326 1545 1533 1596 residen-

205 1651 243 1673 ‚‚
282 1619 331 1667 di
349 1653 364 1676 ‚
394 1634 445 1667 ut
464 1619 683 1687 superius
704 1619 767 1667 est
786 1620 1074 1668 mandatum
1087 1654 1103 1676 ,
1132 1638 1195 1668 ex
1211 1634 1327 1668 tunc
1346 1616 1528 1666 fructus

210 1719 245 1742 2,
286 1688 645 1739 Beneficiorum
660 1725 677 1747 ‚
697 1688 1002 1740 residentiam
1023 1727 1040 1749 ,
1058 1704 1111 1738 ut
1130 1688 1384 1758 praefertur
1405 1725 1421 1746 ,
1455 1707 1533 1737 re-

212 1790 249 1812 „
286 1763 610 1825 quirentium,
626 1779 729 1810 non
745 1760 888 1810 faciat
905 1760 1032 1820 suos,
1050 1779 1139 1810 nec
1158 1775 1259 1810 tuta
1277 1757 1530 1808 conscien-

213 1860 250 1882 ‚‚
289 1832 354 1876 tia
373 1864 389 1885 ,
409 1834 557 1878 etiam
577 1831 668 1878 alia
686 1829 1012 1880 declaratione
1030 1850 1132 1879 non
1151 1831 1352 1897 sequuta
1372 1865 1390 1886 ‚
1418 1829 1530 1878 illos

212 1930 247 1953 „
286 1897 373 1947 fibi
392 1899 608 1949 detinere
625 1898 764 1967 poffit
788 1921 799 1948 :
837 1898 916 1949 sed
947 1916 1166 1950 teneatur
1193 1900 1306 1949 illos
1336 1898 1532 1948 fabricae

213 2001 248 2025 ‚2
289 1969 606 2019 Ecclefiarum
624 2004 640 2027 ‚
661 1984 740 2018 aut
754 1971 1057 2040 Pauperibus
1077 1971 1174 2019 loci
1195 1987 1409 2039 erogare,
1430 1985 1530 2028 aut,

214 2072 250 2095 „
288 2038 394 2106 ipso
410 2060 507 2090 non
527 2057 753 2108 erogante
772 2078 787 2100 ‚
807 2060 893 2112 per
915 2042 1224 2110 Superiorem
1244 2039 1529 2090 Ecclefiasti-

212 2141 250 2165 ‚‚
289 2128 403 2158 cum
437 2112 494 2160 ad
527 2112 709 2161 dicffam
741 2117 1071 2182 erogationem
1103 2111 1374 2162 faciendam
1399 2129 1532 2159 com-

214 2214 251 2236 „
290 2181 500 2248 pellatur
523 2218 534 2229 .
574 2182 736 2251 Lapfis
763 2190 883 2234 vero
917 2184 1000 2234 sex
1025 2183 1266 2235 menfibus
1287 2222 1302 2243 ,
1338 2185 1387 2233 ὃς
1407 2201 1530 2250 prae-

211 2282 248 2307 „
286 2251 431 2302 miffis
453 2273 549 2302 non
567 2255 866 2322 adimpletis,
881 2255 984 2325 ipso
1002 2253 1124 2305 facto
1138 2292 1154 2314 ,
1173 2258 1221 2307 ὃ(
1242 2255 1418 2321 absque
1438 2253 1531 2303 alia

213 2354 249 2378 2,
286 2321 520 2374 sententia
538 2361 555 2384 ,
587 2325 770 2375 eisdem
787 2326 1043 2377 Baneficiis
1061 2363 1079 2386 ,
1111 2329 1161 2379 ὃς
1178 2326 1528 2397 Dignitatibus

1473 2395 1529 2442 fit
