2043 2958
619 227 932 279 Tri-urus
985 224 1087 274 VI.
1450 239 1508 281 23

187 300 271 349 vel
289 299 446 349 officia
468 298 777 349 ecclesiastica
795 317 894 348 non
913 296 1166 346 obtineant
1182 330 1198 352 ,
1215 292 1274 342 ab
1295 292 1514 342 Ecclesiae

187 371 393 420 servitio
412 409 427 431 ,
464 375 542 419 cui
564 370 745 421 fuerint
779 371 1038 438 deputati,
1071 366 1197 416 festis
1228 364 1401 414 diebus
1423 363 1515 412 sin-

187 443 317 510 gulis
340 480 355 501 ,
390 442 659 512 praesertim
680 440 1055 492 solemnioribus
1076 475 1091 496 ‚
1120 457 1182 487 ne
1201 436 1382 494 absint,
1403 454 1516 504 pro-

188 519 295 582 pria
326 515 400 564 ibi
431 519 597 563 munia
621 515 844 574 obituri3
883 512 998 562 alias
1031 513 1089 561 ad
1123 510 1317 558 altiores
1337 508 1514 577 gradus

191 588 540 653 promovendi,
559 606 656 635 non
676 600 1079 657 promoveantur,
1094 583 1258 646 &jam
1277 582 1519 649 promoti9

187 656 546 725 Episcoporum
567 659 773 708 arbitrio
794 678 883 728 pro
903 656 1253 706 inobedientiae
1272 655 1516 720 gravitate

188 728 464 778 multentur
485 767 497 777 .
541 729 808 780 Crescente
827 733 946 779 vero
963 729 1289 780 contumacia,
1318 721 1517 789 Episco-

188 804 272 866 pi,
300 799 428 848 ultra
463 819 632 866 poenas
653 821 676 848 a
697 802 999 851 Tridentino
1016 796 1248 847 Concilio
1275 793 1482 841 indictas
1500 797 1519 850 ,'

187 870 292 936 post
315 873 495 918 trinam
513 875 798 919 canonicam
818 872 1144 919 monitionem
1163 902 1178 924 ,
1213 879 1382 913 contra
1410 867 1518 912 ino-

188 940 443 990 bedientes
463 979 480 1000 ,
515 943 566 991 &
597 955 909 991 contumaces
928 938 1196 1010 procedant
1213 937 1269 985 ad
1290 938 1519 984 omnium

190 1010 342 1078 usque
381 1012 762 1080 privilegiorum
798 1013 1105 1062 clericalium
1141 1012 1479 1077 privationem
1504 1025 1517 1053 ε

192 1079 377 1128 servata
396 1086 448 1129 in
468 1084 671 1148 reliquis
693 1101 875 1149 nupera
909 1081 1049 1148 super
1077 1080 1172 1128 hoc
1192 1077 1520 1129 Constitutio-

188 1171 247 1200 ne
265 1151 420 1200 nostra
438 1188 453 1209 ,
469 1170 576 1219 quae
597 1156 650 1199 in
673 1156 819 1200 citata
840 1150 1166 1200 exhibebitur
1187 1147 1484 1215 Appendice
1504 1184 1517 1196 .

655 1294 702 1345 C
739 1295 790 1344 A
827 1295 880 1344 P.
940 1254 1078 1343 ⁷111.

259 1400 500 1469 Adfizcros
518 1402 714 1452 Ordines
737 1401 1138 1469 promovendorum
1169 1398 1414 1467 qualitates
1434 1431 1445 1442 .

356 1510 557 1559 Eterum
588 1512 675 1575 qui
698 1510 900 1576 propius
928 1507 985 1556 ad
1005 1502 1309 1554 sacratissima
1328 1499 1521 1566 Myste-
1577 1484 1582 1485 ⁷

377 1584 447 1628 ria
469 1579 697 1628 accessuri
718 1577 846 1635 sunt,
867 1579 996 1626 ultra
1016 1592 1173 1625 cetera
1194 1571 1419 1641 requisita
1433 1607 1449 1628 ,
1465 1590 1522 1620 ea.

195 1651 428 1698 volumus
448 1649 647 1699 scientia
668 1648 885 1717 polleant
903 1686 917 1706 ‚
938 1652 986 1700 ὃ(
1007 1652 1205 1715 pietate,
1226 1660 1280 1693 ut
1298 1641 1518 1692 Ecclefiae

193 1720 489 1770 sacramenta
508 1723 654 1789 digne
668 1720 960 1779 ministrare,
975 1718 1162 1770 Christi
1179 1716 1343 1764 fideles
1358 1713 1520 1762 sanam

193 1791 470 1840 doctrinam
514 1794 714 1841 edocere
733 1829 748 1850 ,
785 1794 835 1842 ἃ
864 1810 943 1840 eos
982 1794 1036 1840 in
1064 1794 1144 1838 via
1178 1786 1344 1835 salutis
1365 1821 1381 1843 ,
1418 1803 1520 1833 non

196 1865 361 1909 minus
383 1861 616 1930 exemplo
636 1898 651 1918 ,
690 1868 840 1929 quam
856 1861 1025 1909 verbis
1044 1897 1059 1918 ,
1084 1858 1279 1908 valeant
1300 1859 1484 1904 anteire
1501 1892 1512 1902 .

198 1932 518 2000 Qapropter
551 1930 778 2000 Episcopi
811 1930 999 1980 nonnisi
1027 1931 1138 1978 illos
1165 1929 1222 1977 ad
1251 1926 1407 1975 sacros
1422 1925 1521 1973 Or-

197 2003 335 2051 dines
367 2016 689 2069 promoveant
708 2038 724 2061 ,
757 2006 904 2071 quam
931 2019 1053 2069 quos
1081 2005 1198 2049 ver‘e
1223 1999 1397 2066 dignos
1418 2032 1433 2053 ‚
1471 1998 1521 2046 &

196 2073 389 2123 habiles
409 2110 425 2132 ‚
463 2073 691 2142 requisita
716 2077 865 2123 etiam
883 2074 1120 2123 habentes
1140 2108 1157 2129 ,
1188 2090 1211 2118 a
1231 2067 1358 2118 sacra
1377 2066 1522 2135 ipsa...

199 2144 496 2196 Tridentina
517 2145 720 2211 Synodo
738 2155 751 2171 '⁶¹
773 2144 1050 2214 praescripta
1065 2181 1081 2202 ,
1107 2162 1192 2210 per
1225 2141 1519 2207 diligentem

197 2215 566 2284 inquisitionem
586 2223 916 2286 compererint
940 2255 950 2264 .
992 2217 1202 2271 Verum,
1223 2216 1308 2279 qui
1329 2211 1385 2259 ad
1404 2211 1519 2260 Pre-

197 2287 512 2353 sbyteratum
533 2302 676 2336 erunt
696 2288 990 2344 assumendi,
1018 2286 1331 2351 idoneiprius
1362 2281 1419 2330 ad
1451 2279 1520 2331 sa-

199 2376 448 2412 cramenta
463 2358 775 2412 ministranda
804 2379 891 2430 per
911 2358 1121 2431 diligens
1140 2373 1348 2408 examen
1379 2371 1518 2402 com-

1410 2442 1522 2492 pro-

1544 2160 1617 2192 Loc.
1632 2119 1687 2190 [ᾗ.
1708 2162 1778 2202 cap.

1545 2205 1655 2248 134&
1672 2212 1726 2245 14·
