2043 2958
583 234 886 288 TITULUS
940 230 1112 283 XXI·
1448 233 1509 289 87

185 302 364 372 prgfflvae
384 305 692 373 privationem
705 342 721 364 ,
739 327 787 357 ac
805 306 936 361 alias,
960 306 1150 354 arbitrio
1169 302 1357 370 ejusdem
1376 302 1410 351 S
1415 302 1448 350 S
1453 305 1513 349 isli

193 375 255 424 D.
277 377 340 426 N.
367 379 489 446 Papae
521 380 814 447 reservatas,
846 394 991 445 pierias·
1028 370 1255 427 incurreritr
1278 414 1288 423 .
1328 374 1381 423 In
1410 392 1511 441 qao-

193 465 289 496 rum
305 450 448 515 fidem
477 453 571 500 &a
626 452 798 502 Datum
825 450 974 500 Romae
1007 450 1081 499 die
1112 448 1357 519 15.me73fis
1372 444 1512 495 Mar-

196 525 254 567 tii
278 539 295 567 1
309 529 422 582 596.

647 639 695 690 C
732 640 785 688 A
820 640 874 689 P.
948 640 1068 690 III.

199 755 496 824 Proprietatis
529 761 702 806 vitium
730 779 754 808 a
772 757 1054 809 Monialibus
1070 756 1312 808 vitandum
1325 790 1336 801 .
1376 753 1514 802 Ratio

301 847 447 877 earum
467 826 623 876 vitius
650 829 705 875 &¹
722 829 924 877 vestitus
957 830 1196 878 exhibetur
1213 862 1224 872 .
1265 827 1405 891 Super

261 901 265 905 ’
422 915 642 946 munerum
659 898 972 967 largitionibus
984 935 1001 957 ,
1019 897 1285 948 Constitutio

565 967 838 1019 Clementina
873 975 1121 1019 innovatur
1138 1005 1149 1016 .

267 1045 277 1075 x

343 1083 645 1134 Monialium
681 1085 991 1135 Monasteriis
1013 1122 1028 1144 ,
1057 1086 1160 1133 imo
1179 1084 1239 1133 ab
1259 1080 1513 1151 ipsarum-2

350 1157 580 1205 cordibus
603 1156 906 1204 Monialium
919 1190 935 1211 ‚
953 1155 1244 1203 incumbant
1262 1153 1512 1220 Episcopi,

198 1230 468 1291 proprietas
488 1229 648 1274 omnis
681 1224 877 1284 exulet3
914 1227 963 1275 &
981 1224 1065 1272 illa
1081 1260 1097 1281 ,
1128 1229 1277 1291 quam
1294 1226 1513 1271 maxime

192 1294 299 1343 fieri
319 1299 501 1362 poterit
519 1331 534 1353 ,
552 1300 604 1344 in
624 1299 691 1345 eis
713 1295 1001 1354 stabiliatur,
1015 1295 1331 1362 serveturque
1350 1311 1514 1342 rerum

190 1370 417 1415 omnium
434 1371 723 1416 communio
742 1404 757 1425 ,
794 1386 901 1435 quoe
925 1365 1053 1416 nihil
1073 1365 1221 1416 habet
1240 1402 1256 1423 ‚
1278 1367 1327 1416 &
1343 1369 1425 1413 cui
1439 1366 1514 1411 ni-

191 1436 266 1484 hil
287 1437 411 1486 deest
427 1475 437 1485 .
457 1438 606 1487 Illinc
623 1436 821 1506 insuper
842 1453 1082 1505 quatenus
1100 1450 1333 1504 corrupta
1351 1437 1512 1483 omnis

190 1507 314 1556 foras
331 1507 556 1557 abscedat
572 1509 762 1557 affeffiiio
781 1508 1093 1576 particularis
1111 1543 1127 1565 ,
1146 1520 1318 1555 curent
1338 1541 1354 1563 ,
1373 1520 1427 1554 ut
1448 1521 1514 1554 ex

189 1577 605 1638 Monasteriorum
644 1579 918 1628 redditibus
954 1579 1120 1628 eadem
1161 1576 1217 1624 fit
1254 1574 1514 1642 Religiofis

189 1650 419 1699 omnibus
444 1649 832 1717 (aegrotantibus
853 1653 1112 1717 exceptis)
1133 1644 1315 1704 mensa,
1332 1646 1514 1703 viilus,

189 1722 240 1770 &
271 1719 412 1769 vestis
441 1725 687 1790 praecipue
728 1717 987 1769 uniformis
1006 1755 1023 1778 ‚
1062 1739 1170 1787 quae
1200 1724 1253 1768 in
1285 1719 1514 1766 interiori

193 1794 342 1839 etiam
357 1789 561 1840 sericum
582 1790 813 1841 excludat
833 1826 850 1848 ,
884 1793 935 1841 &
949 1789 1169 1840 modestae
1188 1826 1204 1847 ,
1236 1807 1344 1857 quae
1358 1788 1514 1837 Chri-

192 1861 247 1909 sti
265 1859 468 1928 Sponsas
489 1862 654 1911 deceat
670 1898 687 1921 ,
704 1859 871 1910 formae
887 1861 941 1910 fit
955 1897 972 1919 ,
1002 1863 1052 1911 δε
1070 1863 1260 1927 proprii
1279 1855 1512 1924 cujusque

190 1931 472 1999 Religionis
506 1932 683 1982 coloris
705 1968 717 1981 .
758 1932 991 2000 Cumque
1021 1945 1359 1999 paupertatem
1396 1944 1513 1996 pro-

193 2001 313 2052 feffae
334 2003 422 2053 fint
442 2002 538 2053 illae
552 2040 567 2061 ‚
589 2002 770 2072 singula
786 2022 873 2052 nos
891 2003 1096 2064 idcirco,
1118 2020 1225 2069 quae
1243 2000 1383 2067 super
1401 2017 1512 2046 mu·-

198 2092 373 2122 nerum
405 2074 747 2142 largitionibus
787 2074 866 2123 sua
898 2072 1259 2124 Constitutione
1276 2080 1291 2096 ³
1305 2069 1512 2118 sancivit
1533 2072 1695 2153 Religiffrae

192 2144 424 2194 Clemens
462 2145 600 2195 VIII.
623 2182 639 2203 ,
670 2150 959 2195 innovamus
979 2180 994 2202 ,
1031 2147 1080 2195 &
1114 2164 1138 2192 a
1168 2140 1474 2211 quibuslibet
1494 2178 1510 2200 ,
1532 2161 1719 2201 An.1594.

193 2214 280 2266 sub
309 2217 417 2266 latis
437 2220 489 2266 in
505 2215 607 2286 ipsa
622 2221 782 2284 poenis
797 2252 815 2276 ,
844 2219 1150 2267 decernimus
1170 2213 1414 2264 observari
1432 2247 1443 2261 .

1324 2419 1503 2470 CAP.
