<?xml version="1.0" encoding="UTF-8"?>
<!DOCTYPE html PUBLIC "-//W3C//DTD XHTML 1.0 Transitional//EN"
    "http://www.w3.org/TR/xhtml1/DTD/xhtml1-transitional.dtd">
<html xmlns="http://www.w3.org/1999/xhtml" xml:lang="en" lang="en">
 <head>
  <title>
</title>
<meta http-equiv="Content-Type" content="text/html;charset=utf-8" />
  <meta name='ocr-system' content='tesseract 3.04.00' />
  <meta name='ocr-capabilities' content='ocr_page ocr_carea ocr_par ocr_line ocrx_word'/>
</head>
<body>
  <div class='ocr_page' id='page_1' title='image "./conciliumromanum00cath_0092.png"; bbox 0 0 2043 2958; ppageno 0'>
   <div class='ocr_carea' id='block_1_1' title="bbox 530 237 1856 2471">
    <p class='ocr_par' dir='ltr' id='par_1_1' title="bbox 530 237 1856 2471">
     <span class='ocr_line' id='line_1_1' title="bbox 533 237 1506 291; baseline 0.007 -11"><span class='ocrx_word' id='word_1_1' title='bbox 533 237 601 281; x_wconf 73' lang='lat'>66</span> <span class='ocrx_word' id='word_1_2' title='bbox 850 237 1506 291; x_wconf 71' lang='lat' dir='ltr'>CONCILIIROMANI</span> 
     </span>
     <span class='ocr_line' id='line_1_2' title="bbox 533 305 1838 378; baseline 0.008 -25"><span class='ocrx_word' id='word_1_3' title='bbox 533 338 568 361; x_wconf 88' lang='grc'>,,</span> <span class='ocrx_word' id='word_1_4' title='bbox 607 305 756 364; x_wconf 88' lang='lat' dir='ltr'>diam,</span> <span class='ocrx_word' id='word_1_5' title='bbox 769 311 1126 376; x_wconf 82' lang='lat' dir='ltr'>providamque</span> <span class='ocrx_word' id='word_1_6' title='bbox 1145 311 1288 378; x_wconf 83' lang='lat' dir='ltr'>ipfius</span> <span class='ocrx_word' id='word_1_7' title='bbox 1304 311 1404 361; x_wconf 88' lang='lat' dir='ltr'>Dei</span> <span class='ocrx_word' id='word_1_8' title='bbox 1419 315 1470 360; x_wconf 90' lang='lat' dir='ltr'>in</span> <span class='ocrx_word' id='word_1_9' title='bbox 1490 313 1632 360; x_wconf 86' lang='lat' dir='ltr'>terris</span> <span class='ocrx_word' id='word_1_10' title='bbox 1648 310 1838 363; x_wconf 90' lang='lat' dir='ltr'>Vicarii</span> 
     </span>
     <span class='ocr_line' id='line_1_3' title="bbox 533 376 1835 440; baseline 0.008 -16"><span class='ocrx_word' id='word_1_11' title='bbox 533 409 569 437; x_wconf 85' lang='lat'>‚,</span> <span class='ocrx_word' id='word_1_12' title='bbox 607 376 869 438; x_wconf 82' lang='lat' dir='ltr'>solertiam,</span> <span class='ocrx_word' id='word_1_13' title='bbox 889 385 1091 430; x_wconf 89' lang='lat' dir='ltr'>omnino</span> <span class='ocrx_word' id='word_1_14' title='bbox 1109 379 1331 430; x_wconf 86' lang='lat' dir='ltr'>futurum</span> <span class='ocrx_word' id='word_1_15' title='bbox 1350 398 1423 440; x_wconf 90' lang='lat' dir='ltr'>,ut</span> <span class='ocrx_word' id='word_1_16' title='bbox 1443 382 1500 431; x_wconf 87' lang='lat' dir='ltr'>ad</span> <span class='ocrx_word' id='word_1_17' title='bbox 1518 381 1835 434; x_wconf 82' lang='lat' dir='ltr'>Ecclefiarum</span> 
     </span>
     <span class='ocr_line' id='line_1_4' title="bbox 532 452 1840 522; baseline 0.002 -21"><span class='ocrx_word' id='word_1_18' title='bbox 532 479 568 507; x_wconf 73' lang='lat'>³,</span> <span class='ocrx_word' id='word_1_19' title='bbox 606 455 823 517; x_wconf 89' lang='lat' dir='ltr'>regimen</span> <span class='ocrx_word' id='word_1_20' title='bbox 854 459 874 513; x_wconf 74' lang='grc' dir='ltr'>ζ</span> <span class='ocrx_word' id='word_1_21' title='bbox 892 470 1010 501; x_wconf 90' lang='lat' dir='ltr'>onus</span> <span class='ocrx_word' id='word_1_22' title='bbox 1030 455 1213 521; x_wconf 82' lang='lat' dir='ltr'>quippe</span> <span class='ocrx_word' id='word_1_23' title='bbox 1233 453 1490 522; x_wconf 81' lang='lat' dir='ltr'>Angelicis</span> <span class='ocrx_word' id='word_1_24' title='bbox 1509 452 1724 504; x_wconf 74' lang='lat' dir='ltr'>humeris</span> <span class='ocrx_word' id='word_1_25' title='bbox 1743 454 1840 504; x_wconf 85' lang='lat' dir='ltr'>for-</span> 
     </span>
     <span class='ocr_line' id='line_1_5' title="bbox 530 522 1843 592; baseline 0.001 -20"><span class='ocrx_word' id='word_1_26' title='bbox 530 550 567 579; x_wconf 78' lang='lat'>‚,</span> <span class='ocrx_word' id='word_1_27' title='bbox 604 522 929 585; x_wconf 90' lang='lat' dir='ltr'>midandum)</span> <span class='ocrx_word' id='word_1_28' title='bbox 965 527 1053 591; x_wconf 91' lang='lat' dir='ltr'>qui</span> <span class='ocrx_word' id='word_1_29' title='bbox 1069 529 1286 574; x_wconf 84' lang='lat' dir='ltr'><strong>maxime</strong></span> <span class='ocrx_word' id='word_1_30' title='bbox 1313 525 1450 592; x_wconf 86' lang='lat' dir='ltr'><strong>digni</strong></span> <span class='ocrx_word' id='word_1_31' title='bbox 1472 522 1654 573; x_wconf 88' lang='lat' dir='ltr'>fuerint</span> <span class='ocrx_word' id='word_1_32' title='bbox 1670 561 1687 583; x_wconf 88' lang='lat'>,</span> <span class='ocrx_word' id='word_1_33' title='bbox 1725 543 1843 592; x_wconf 88' lang='lat' dir='ltr'>quo-</span> 
     </span>
     <span class='ocr_line' id='line_1_6' title="bbox 532 595 1840 661; baseline 0.003 -23"><span class='ocrx_word' id='word_1_34' title='bbox 532 625 568 651; x_wconf 88' lang='grc'>,,</span> <span class='ocrx_word' id='word_1_35' title='bbox 606 609 814 659; x_wconf 87' lang='lat' dir='ltr'>rumque</span> <span class='ocrx_word' id='word_1_36' title='bbox 828 598 963 661; x_wconf 88' lang='lat' dir='ltr'>prior</span> <span class='ocrx_word' id='word_1_37' title='bbox 981 598 1104 652; x_wconf 85' lang='lat' dir='ltr'>vita,</span> <span class='ocrx_word' id='word_1_38' title='bbox 1124 613 1176 644; x_wconf 90' lang='lat' dir='ltr'>ac</span> <span class='ocrx_word' id='word_1_39' title='bbox 1194 599 1351 644; x_wconf 83' lang='lat' dir='ltr'>omnis</span> <span class='ocrx_word' id='word_1_40' title='bbox 1368 610 1477 644; x_wconf 87' lang='lat' dir='ltr'>aetas</span> <span class='ocrx_word' id='word_1_41' title='bbox 1494 630 1512 652; x_wconf 91' lang='lat'>‚</span> <span class='ocrx_word' id='word_1_42' title='bbox 1529 614 1552 642; x_wconf 88' lang='lat' dir='ltr'>a</span> <span class='ocrx_word' id='word_1_43' title='bbox 1571 595 1840 661; x_wconf 81' lang='lat' dir='ltr'>puerilibus</span> 
     </span>
     <span class='ocr_line' id='line_1_7' title="bbox 531 663 1849 733; baseline 0.003 -25"><span class='ocrx_word' id='word_1_44' title='bbox 531 694 567 721; x_wconf 84' lang='lat'><strong>„</strong></span> <span class='ocrx_word' id='word_1_45' title='bbox 605 664 819 711; x_wconf 87' lang='lat' dir='ltr'>exordiis</span> <span class='ocrx_word' id='word_1_46' title='bbox 841 664 988 731; x_wconf 87' lang='lat' dir='ltr'>usque</span> <span class='ocrx_word' id='word_1_47' title='bbox 1007 666 1065 712; x_wconf 90' lang='lat' dir='ltr'>ad</span> <span class='ocrx_word' id='word_1_48' title='bbox 1085 665 1393 733; x_wconf 61' lang='lat' dir='ltr'>perfectiores</span> <span class='ocrx_word' id='word_1_49' title='bbox 1413 683 1579 720; x_wconf 82' lang='lat' dir='ltr'>annOS,</span> <span class='ocrx_word' id='word_1_50' title='bbox 1599 681 1684 730; x_wconf 91' lang='lat' dir='ltr'>per</span> <span class='ocrx_word' id='word_1_51' title='bbox 1705 663 1849 713; x_wconf 88' lang='lat' dir='ltr'>disci-</span> 
     </span>
     <span class='ocr_line' id='line_1_8' title="bbox 531 731 1846 801; baseline 0.003 -22"><span class='ocrx_word' id='word_1_52' title='bbox 531 768 568 791; x_wconf 91' lang='lat'><strong>„</strong></span> <span class='ocrx_word' id='word_1_53' title='bbox 606 731 752 798; x_wconf 80' lang='lat' dir='ltr'>plinae</span> <span class='ocrx_word' id='word_1_54' title='bbox 771 733 1003 801; x_wconf 87' lang='lat' dir='ltr'>stipendia</span> <span class='ocrx_word' id='word_1_55' title='bbox 1023 736 1344 786; x_wconf 87' lang='lat' dir='ltr'>ecclefiasticae</span> <span class='ocrx_word' id='word_1_56' title='bbox 1360 771 1377 793; x_wconf 83' lang='lat'><strong>,</strong></span> <span class='ocrx_word' id='word_1_57' title='bbox 1394 733 1707 785; x_wconf 76' lang='lat' dir='ltr'>laudabiliter</span> <span class='ocrx_word' id='word_1_58' title='bbox 1728 734 1846 793; x_wconf 62' lang='lat' dir='ltr'>acta,</span> 
     </span>
     <span class='ocr_line' id='line_1_9' title="bbox 535 803 1847 872; baseline 0.004 -22"><span class='ocrx_word' id='word_1_59' title='bbox 535 839 570 863; x_wconf 88' lang='lat'>,‚</span> <span class='ocrx_word' id='word_1_60' title='bbox 608 803 939 852; x_wconf 87' lang='lat' dir='ltr'>testimonium</span> <span class='ocrx_word' id='word_1_61' title='bbox 971 806 1182 872; x_wconf 79' lang='lat' dir='ltr'>praebeat</span> <span class='ocrx_word' id='word_1_62' title='bbox 1200 843 1216 864; x_wconf 91' lang='lat'><strong><em>,</em></strong></span> <span class='ocrx_word' id='word_1_63' title='bbox 1246 806 1511 854; x_wconf 77' lang='lat' dir='ltr'>secundum</span> <span class='ocrx_word' id='word_1_64' title='bbox 1544 805 1847 855; x_wconf 86' lang='lat' dir='ltr'>venerabiles</span> 
     </span>
     <span class='ocr_line' id='line_1_10' title="bbox 532 872 1852 934; baseline 0.002 -13"><span class='ocrx_word' id='word_1_65' title='bbox 532 908 569 932; x_wconf 88' lang='lat'>‚,</span> <span class='ocrx_word' id='word_1_66' title='bbox 594 872 863 934; x_wconf 14' lang='lat' dir='ltr'>*beatorum</span> <span class='ocrx_word' id='word_1_67' title='bbox 877 876 1078 923; x_wconf 89' lang='lat' dir='ltr'>Patrum</span> <span class='ocrx_word' id='word_1_68' title='bbox 1095 875 1357 925; x_wconf 52' lang='lat' dir='ltr'>sanctiones</span> <span class='ocrx_word' id='word_1_69' title='bbox 1372 875 1852 924; x_wconf 81' lang='lat' dir='ltr'>assumanturzomnes</span> 
     </span>
     <span class='ocr_line' id='line_1_11' title="bbox 533 943 1851 1013; baseline 0.002 -22"><span class='ocrx_word' id='word_1_70' title='bbox 533 979 570 1002; x_wconf 87' lang='lat'><strong><em>„</em></strong></span> <span class='ocrx_word' id='word_1_71' title='bbox 608 943 1020 994; x_wconf 77' lang='lat' dir='ltr'>patriarchalibus</span> <span class='ocrx_word' id='word_1_72' title='bbox 1040 981 1057 1002; x_wconf 86' lang='lat'>‚</span> <span class='ocrx_word' id='word_1_73' title='bbox 1077 945 1441 995; x_wconf 87' lang='lat' dir='ltr'>Primatialibus</span> <span class='ocrx_word' id='word_1_74' title='bbox 1463 982 1479 1003; x_wconf 92' lang='lat'><strong>,</strong></span> <span class='ocrx_word' id='word_1_75' title='bbox 1499 946 1851 1013; x_wconf 86' lang='lat' dir='ltr'>Metropolita-</span> 
     </span>
     <span class='ocr_line' id='line_1_12' title="bbox 534 1014 1847 1082; baseline 0.002 -22"><span class='ocrx_word' id='word_1_76' title='bbox 534 1048 568 1072; x_wconf 86' lang='lat'>,‚</span> <span class='ocrx_word' id='word_1_77' title='bbox 606 1018 698 1070; x_wconf 85' lang='lat' dir='ltr'>nis,</span> <span class='ocrx_word' id='word_1_78' title='bbox 717 1016 766 1062; x_wconf 66' lang='grc' dir='ltr'>ὃς</span> <span class='ocrx_word' id='word_1_79' title='bbox 780 1014 1159 1063; x_wconf 82' lang='lat' dir='ltr'>Cathedralibus</span> <span class='ocrx_word' id='word_1_80' title='bbox 1177 1014 1398 1064; x_wconf 85' lang='lat' dir='ltr'>Ecclefiis</span> <span class='ocrx_word' id='word_1_81' title='bbox 1417 1014 1812 1082; x_wconf 88' lang='lat' dir='ltr'>quibuscumque</span> <span class='ocrx_word' id='word_1_82' title='bbox 1830 1049 1847 1073; x_wconf 86' lang='lat'><strong>,</strong></span> 
     </span>
     <span class='ocr_line' id='line_1_13' title="bbox 532 1081 1849 1152; baseline 0.002 -23"><span class='ocrx_word' id='word_1_83' title='bbox 532 1118 567 1142; x_wconf 84' lang='lat'><strong>„</strong></span> <span class='ocrx_word' id='word_1_84' title='bbox 607 1088 782 1149; x_wconf 87' lang='lat' dir='ltr'>quovis</span> <span class='ocrx_word' id='word_1_85' title='bbox 803 1086 1002 1132; x_wconf 85' lang='lat' dir='ltr'>nomine</span> <span class='ocrx_word' id='word_1_86' title='bbox 1020 1118 1036 1140; x_wconf 90' lang='lat'>‚</span> <span class='ocrx_word' id='word_1_87' title='bbox 1057 1102 1111 1132; x_wconf 90' lang='lat' dir='ltr'>ac</span> <span class='ocrx_word' id='word_1_88' title='bbox 1130 1084 1278 1132; x_wconf 91' lang='lat' dir='ltr'>titulo</span> <span class='ocrx_word' id='word_1_89' title='bbox 1294 1081 1565 1152; x_wconf 54' lang='lat' dir='ltr'>praefectos,</span> <span class='ocrx_word' id='word_1_90' title='bbox 1585 1100 1775 1141; x_wconf 89' lang='lat' dir='ltr'>monet,</span> <span class='ocrx_word' id='word_1_91' title='bbox 1795 1103 1849 1132; x_wconf 91' lang='lat' dir='ltr'>ac</span> 
     </span>
     <span class='ocr_line' id='line_1_14' title="bbox 532 1153 1855 1214; baseline 0.002 -14"><span class='ocrx_word' id='word_1_92' title='bbox 532 1189 568 1212; x_wconf 83' lang='grc'>,,</span> <span class='ocrx_word' id='word_1_93' title='bbox 606 1157 817 1201; x_wconf 89' lang='lat' dir='ltr'>monitos</span> <span class='ocrx_word' id='word_1_94' title='bbox 839 1153 925 1201; x_wconf 82' lang='lat' dir='ltr'>effe</span> <span class='ocrx_word' id='word_1_95' title='bbox 947 1153 1054 1203; x_wconf 88' lang='lat' dir='ltr'>vult</span> <span class='ocrx_word' id='word_1_96' title='bbox 1071 1190 1087 1210; x_wconf 89' lang='lat'>‚</span> <span class='ocrx_word' id='word_1_97' title='bbox 1112 1170 1164 1202; x_wconf 88' lang='lat' dir='ltr'>ut</span> <span class='ocrx_word' id='word_1_98' title='bbox 1184 1155 1486 1202; x_wconf 84' lang='lat' dir='ltr'>attendentes</span> <span class='ocrx_word' id='word_1_99' title='bbox 1512 1154 1600 1205; x_wconf 86' lang='lat' dir='ltr'>fibi</span> <span class='ocrx_word' id='word_1_100' title='bbox 1621 1191 1638 1214; x_wconf 89' lang='lat'>,</span> <span class='ocrx_word' id='word_1_101' title='bbox 1666 1156 1717 1205; x_wconf 75' lang='grc' dir='ltr'>ὃ(</span> <span class='ocrx_word' id='word_1_102' title='bbox 1746 1158 1855 1203; x_wconf 86' lang='lat' dir='ltr'>uni-</span> 
     </span>
     <span class='ocr_line' id='line_1_15' title="bbox 533 1222 1853 1293; baseline 0.002 -23"><span class='ocrx_word' id='word_1_103' title='bbox 533 1259 568 1281; x_wconf 81' lang='lat'>„</span> <span class='ocrx_word' id='word_1_104' title='bbox 607 1222 746 1271; x_wconf 85' lang='lat' dir='ltr'>verso</span> <span class='ocrx_word' id='word_1_105' title='bbox 764 1228 904 1291; x_wconf 80' lang='lat' dir='ltr'>gregi</span> <span class='ocrx_word' id='word_1_106' title='bbox 923 1260 939 1282; x_wconf 74' lang='lat'><em>,</em></span> <span class='ocrx_word' id='word_1_107' title='bbox 964 1228 1014 1271; x_wconf 84' lang='lat' dir='ltr'>in</span> <span class='ocrx_word' id='word_1_108' title='bbox 1032 1242 1131 1291; x_wconf 87' lang='lat' dir='ltr'>quo</span> <span class='ocrx_word' id='word_1_109' title='bbox 1150 1225 1359 1291; x_wconf 82' lang='lat' dir='ltr'>Spiritus</span> <span class='ocrx_word' id='word_1_110' title='bbox 1379 1222 1568 1273; x_wconf 70' lang='lat' dir='ltr'>sanstus</span> <span class='ocrx_word' id='word_1_111' title='bbox 1592 1225 1752 1293; x_wconf 86' lang='lat' dir='ltr'>posuit</span> <span class='ocrx_word' id='word_1_112' title='bbox 1773 1243 1853 1273; x_wconf 87' lang='lat' dir='ltr'>eos</span> 
     </span>
     <span class='ocr_line' id='line_1_16' title="bbox 530 1294 1856 1362; baseline 0.002 -21"><span class='ocrx_word' id='word_1_113' title='bbox 530 1329 568 1353; x_wconf 87' lang='grc'>,,</span> <span class='ocrx_word' id='word_1_114' title='bbox 608 1312 773 1361; x_wconf 88' lang='lat' dir='ltr'>regere</span> <span class='ocrx_word' id='word_1_115' title='bbox 794 1294 1050 1343; x_wconf 79' lang='lat' dir='ltr'>Ecclefiam</span> <span class='ocrx_word' id='word_1_116' title='bbox 1069 1295 1168 1344; x_wconf 87' lang='lat' dir='ltr'>Dei</span> <span class='ocrx_word' id='word_1_117' title='bbox 1191 1331 1206 1352; x_wconf 90' lang='lat'>‚</span> <span class='ocrx_word' id='word_1_118' title='bbox 1222 1314 1368 1362; x_wconf 84' lang='lat' dir='ltr'>quam</span> <span class='ocrx_word' id='word_1_119' title='bbox 1385 1295 1643 1362; x_wconf 82' lang='lat' dir='ltr'>acquisivit</span> <span class='ocrx_word' id='word_1_120' title='bbox 1660 1296 1856 1362; x_wconf 84' lang='lat' dir='ltr'>sangui-</span> 
     </span>
     <span class='ocr_line' id='line_1_17' title="bbox 532 1365 1856 1434; baseline 0.003 -23"><span class='ocrx_word' id='word_1_121' title='bbox 532 1399 568 1423; x_wconf 83' lang='lat'>‚,</span> <span class='ocrx_word' id='word_1_122' title='bbox 607 1383 666 1412; x_wconf 90' lang='lat' dir='ltr'>ne</span> <span class='ocrx_word' id='word_1_123' title='bbox 685 1365 765 1413; x_wconf 79' lang='lat' dir='ltr'>suo</span> <span class='ocrx_word' id='word_1_124' title='bbox 785 1401 800 1422; x_wconf 95' lang='lat'>,</span> <span class='ocrx_word' id='word_1_125' title='bbox 820 1366 1031 1433; x_wconf 84' lang='lat' dir='ltr'>vigilent</span> <span class='ocrx_word' id='word_1_126' title='bbox 1050 1402 1067 1423; x_wconf 86' lang='lat'>,</span> <span class='ocrx_word' id='word_1_127' title='bbox 1095 1365 1213 1414; x_wconf 81' lang='lat' dir='ltr'>ficut</span> <span class='ocrx_word' id='word_1_128' title='bbox 1232 1366 1497 1433; x_wconf 88' lang='lat' dir='ltr'>Apostolus</span> <span class='ocrx_word' id='word_1_129' title='bbox 1516 1369 1741 1434; x_wconf 73' lang='lat' dir='ltr'>praecipit</span> <span class='ocrx_word' id='word_1_130' title='bbox 1756 1400 1773 1423; x_wconf 90' lang='lat'>,</span> <span class='ocrx_word' id='word_1_131' title='bbox 1802 1369 1856 1415; x_wconf 85' lang='lat' dir='ltr'>in</span> 
     </span>
     <span class='ocr_line' id='line_1_18' title="bbox 532 1435 1854 1500; baseline 0.003 -20"><span class='ocrx_word' id='word_1_132' title='bbox 532 1470 570 1493; x_wconf 83' lang='lat'>‚,</span> <span class='ocrx_word' id='word_1_133' title='bbox 606 1435 838 1483; x_wconf 89' lang='lat' dir='ltr'>omnibus</span> <span class='ocrx_word' id='word_1_134' title='bbox 873 1436 1125 1500; x_wconf 83' lang='lat' dir='ltr'>laborent,</span> <span class='ocrx_word' id='word_1_135' title='bbox 1154 1438 1203 1486; x_wconf 62' lang='grc' dir='ltr'>ὃς</span> <span class='ocrx_word' id='word_1_136' title='bbox 1230 1436 1558 1486; x_wconf 87' lang='lat' dir='ltr'>ministerium</span> <span class='ocrx_word' id='word_1_137' title='bbox 1587 1436 1726 1484; x_wconf 88' lang='lat' dir='ltr'>suum</span> <span class='ocrx_word' id='word_1_138' title='bbox 1758 1439 1854 1484; x_wconf 89' lang='lat' dir='ltr'>im-</span> 
     </span>
     <span class='ocr_line' id='line_1_19' title="bbox 532 1503 1853 1575; baseline 0.002 -22"><span class='ocrx_word' id='word_1_139' title='bbox 532 1541 568 1564; x_wconf 83' lang='lat'><strong>„</strong></span> <span class='ocrx_word' id='word_1_140' title='bbox 606 1503 770 1572; x_wconf 85' lang='lat' dir='ltr'>pleant</span> <span class='ocrx_word' id='word_1_141' title='bbox 795 1526 811 1565; x_wconf 92' lang='lat'>;</span> <span class='ocrx_word' id='word_1_142' title='bbox 848 1506 1057 1573; x_wconf 85' lang='lat' dir='ltr'>implere</span> <span class='ocrx_word' id='word_1_143' title='bbox 1093 1520 1258 1555; x_wconf 86' lang='lat' dir='ltr'>autem</span> <span class='ocrx_word' id='word_1_144' title='bbox 1292 1506 1415 1554; x_wconf 90' lang='lat' dir='ltr'>illud</span> <span class='ocrx_word' id='word_1_145' title='bbox 1441 1506 1486 1554; x_wconf 85' lang='lat' dir='ltr'>se</span> <span class='ocrx_word' id='word_1_146' title='bbox 1503 1524 1853 1575; x_wconf 68' lang='lat' dir='ltr'>nequaquam-³</span> 
     </span>
     <span class='ocr_line' id='line_1_20' title="bbox 533 1574 1851 1643; baseline 0.002 -20"><span class='ocrx_word' id='word_1_147' title='bbox 533 1611 570 1635; x_wconf 88' lang='lat'><strong>„</strong></span> <span class='ocrx_word' id='word_1_148' title='bbox 608 1574 733 1643; x_wconf 83' lang='lat' dir='ltr'>poffe</span> <span class='ocrx_word' id='word_1_149' title='bbox 752 1575 903 1624; x_wconf 81' lang='lat' dir='ltr'>sciant</span> <span class='ocrx_word' id='word_1_150' title='bbox 917 1612 933 1633; x_wconf 87' lang='lat'>,</span> <span class='ocrx_word' id='word_1_151' title='bbox 963 1576 993 1623; x_wconf 89' lang='lat' dir='ltr'>fi</span> <span class='ocrx_word' id='word_1_152' title='bbox 1013 1594 1184 1643; x_wconf 83' lang='lat' dir='ltr'>greges</span> <span class='ocrx_word' id='word_1_153' title='bbox 1204 1576 1291 1625; x_wconf 87' lang='lat' dir='ltr'>fibi</span> <span class='ocrx_word' id='word_1_154' title='bbox 1307 1577 1582 1626; x_wconf 80' lang='lat' dir='ltr'>commissos</span> <span class='ocrx_word' id='word_1_155' title='bbox 1603 1595 1851 1626; x_wconf 80' lang='lat' dir='ltr'>mercena-</span> 
     </span>
     <span class='ocr_line' id='line_1_21' title="bbox 535 1645 1847 1714; baseline 0.002 -22"><span class='ocrx_word' id='word_1_156' title='bbox 535 1681 571 1704; x_wconf 89' lang='lat'><em>„</em></span> <span class='ocrx_word' id='word_1_157' title='bbox 609 1649 795 1693; x_wconf 89' lang='lat' dir='ltr'>riorum</span> <span class='ocrx_word' id='word_1_158' title='bbox 813 1665 948 1694; x_wconf 88' lang='lat' dir='ltr'>more</span> <span class='ocrx_word' id='word_1_159' title='bbox 965 1645 1183 1694; x_wconf 87' lang='lat' dir='ltr'>deserant</span> <span class='ocrx_word' id='word_1_160' title='bbox 1202 1666 1216 1704; x_wconf 84' lang='lat'>3</span> <span class='ocrx_word' id='word_1_161' title='bbox 1249 1651 1394 1714; x_wconf 85' lang='lat' dir='ltr'>atque</span> <span class='ocrx_word' id='word_1_162' title='bbox 1426 1651 1599 1695; x_wconf 90' lang='lat' dir='ltr'>ovium</span> <span class='ocrx_word' id='word_1_163' title='bbox 1617 1646 1809 1694; x_wconf 89' lang='lat' dir='ltr'>suarum</span> <span class='ocrx_word' id='word_1_164' title='bbox 1829 1682 1847 1704; x_wconf 93' lang='lat'>,</span> 
     </span>
     <span class='ocr_line' id='line_1_22' title="bbox 536 1714 1848 1784; baseline 0 -20"><span class='ocrx_word' id='word_1_165' title='bbox 536 1752 571 1774; x_wconf 83' lang='lat'>‚‚</span> <span class='ocrx_word' id='word_1_166' title='bbox 608 1734 816 1783; x_wconf 90' lang='lat' dir='ltr'>quarum</span> <span class='ocrx_word' id='word_1_167' title='bbox 836 1716 1023 1784; x_wconf 82' lang='lat' dir='ltr'>sanguis</span> <span class='ocrx_word' id='word_1_168' title='bbox 1042 1715 1101 1764; x_wconf 90' lang='lat' dir='ltr'>de</span> <span class='ocrx_word' id='word_1_169' title='bbox 1119 1733 1289 1764; x_wconf 91' lang='lat' dir='ltr'>eorum</span> <span class='ocrx_word' id='word_1_170' title='bbox 1316 1715 1378 1764; x_wconf 89' lang='lat' dir='ltr'>est</span> <span class='ocrx_word' id='word_1_171' title='bbox 1393 1715 1618 1764; x_wconf 88' lang='lat' dir='ltr'>manibus</span> <span class='ocrx_word' id='word_1_172' title='bbox 1638 1736 1661 1764; x_wconf 90' lang='lat' dir='ltr'>a</span> <span class='ocrx_word' id='word_1_173' title='bbox 1682 1714 1848 1782; x_wconf 77' lang='lat' dir='ltr'>supre-</span> 
     </span>
     <span class='ocr_line' id='line_1_23' title="bbox 532 1785 1846 1853; baseline -0.001 -18"><span class='ocrx_word' id='word_1_174' title='bbox 532 1821 570 1845; x_wconf 84' lang='lat'>„</span> <span class='ocrx_word' id='word_1_175' title='bbox 607 1785 875 1851; x_wconf 88' lang='lat' dir='ltr'>moJudice</span> <span class='ocrx_word' id='word_1_176' title='bbox 905 1787 1220 1853; x_wconf 83' lang='lat' dir='ltr'>requirendus</span> <span class='ocrx_word' id='word_1_177' title='bbox 1239 1821 1256 1844; x_wconf 84' lang='lat'><strong>,</strong></span> <span class='ocrx_word' id='word_1_178' title='bbox 1291 1785 1513 1836; x_wconf 80' lang='lat' dir='ltr'>custodiae</span> <span class='ocrx_word' id='word_1_179' title='bbox 1546 1790 1750 1834; x_wconf 87' lang='lat' dir='ltr'>minime</span> <span class='ocrx_word' id='word_1_180' title='bbox 1770 1790 1846 1834; x_wconf 91' lang='lat' dir='ltr'>in-</span> 
     </span>
     <span class='ocr_line' id='line_1_24' title="bbox 533 1855 1850 1916; baseline 0 -12"><span class='ocrx_word' id='word_1_181' title='bbox 533 1892 570 1916; x_wconf 88' lang='lat'>„</span> <span class='ocrx_word' id='word_1_182' title='bbox 608 1857 842 1907; x_wconf 86' lang='lat' dir='ltr'>cumbant</span> <span class='ocrx_word' id='word_1_183' title='bbox 860 1877 875 1916; x_wconf 90' lang='lat'>;</span> <span class='ocrx_word' id='word_1_184' title='bbox 914 1875 1028 1906; x_wconf 90' lang='lat' dir='ltr'>cum</span> <span class='ocrx_word' id='word_1_185' title='bbox 1064 1856 1381 1906; x_wconf 82' lang='lat' dir='ltr'>certiffimum</span> <span class='ocrx_word' id='word_1_186' title='bbox 1396 1855 1450 1904; x_wconf 87' lang='lat' dir='ltr'>fit</span> <span class='ocrx_word' id='word_1_187' title='bbox 1471 1891 1488 1915; x_wconf 91' lang='lat'>‚</span> <span class='ocrx_word' id='word_1_188' title='bbox 1523 1874 1622 1906; x_wconf 88' lang='lat' dir='ltr'>non</span> <span class='ocrx_word' id='word_1_189' title='bbox 1653 1856 1850 1905; x_wconf 83' lang='lat' dir='ltr'>admitti</span> 
     </span>
     <span class='ocr_line' id='line_1_25' title="bbox 532 1926 1853 1996; baseline -0.002 -19"><span class='ocrx_word' id='word_1_190' title='bbox 532 1963 569 1988; x_wconf 86' lang='lat'>„</span> <span class='ocrx_word' id='word_1_191' title='bbox 606 1928 805 1995; x_wconf 86' lang='lat' dir='ltr'>pastoris</span> <span class='ocrx_word' id='word_1_192' title='bbox 828 1926 1188 1978; x_wconf 85' lang='lat' dir='ltr'>excusationem</span> <span class='ocrx_word' id='word_1_193' title='bbox 1207 1964 1224 1986; x_wconf 86' lang='lat'><strong>,</strong></span> <span class='ocrx_word' id='word_1_194' title='bbox 1258 1928 1290 1976; x_wconf 78' lang='lat' dir='ltr'>si</span> <span class='ocrx_word' id='word_1_195' title='bbox 1309 1928 1451 1996; x_wconf 90' lang='lat' dir='ltr'>lupus</span> <span class='ocrx_word' id='word_1_196' title='bbox 1466 1945 1579 1978; x_wconf 87' lang='lat' dir='ltr'>oves</span> <span class='ocrx_word' id='word_1_197' title='bbox 1600 1926 1814 1992; x_wconf 81' lang='lat' dir='ltr'>comedit</span> <span class='ocrx_word' id='word_1_198' title='bbox 1833 1935 1853 1984; x_wconf 64' lang='lat'>,‘</span> 
     </span>
     <span class='ocr_line' id='line_1_26' title="bbox 530 1996 1850 2066; baseline -0.005 -17"><span class='ocrx_word' id='word_1_199' title='bbox 530 2035 567 2058; x_wconf 72' lang='lat'>2,</span> <span class='ocrx_word' id='word_1_200' title='bbox 604 2001 654 2049; x_wconf 83' lang='lat'>&amp;</span> <span class='ocrx_word' id='word_1_201' title='bbox 673 1999 826 2066; x_wconf 87' lang='lat' dir='ltr'>pastor</span> <span class='ocrx_word' id='word_1_202' title='bbox 842 1998 993 2047; x_wconf 88' lang='lat' dir='ltr'>nescit</span> <span class='ocrx_word' id='word_1_203' title='bbox 1008 2034 1018 2044; x_wconf 92' lang='lat'><strong>.</strong></span> <span class='ocrx_word' id='word_1_204' title='bbox 1033 1998 1113 2046; x_wconf 90' lang='lat' dir='ltr'>Ac</span> <span class='ocrx_word' id='word_1_205' title='bbox 1132 1999 1476 2056; x_wconf 81' lang='lat' dir='ltr'>nihilominu5‚</span> <span class='ocrx_word' id='word_1_206' title='bbox 1493 2003 1607 2066; x_wconf 88' lang='lat' dir='ltr'>quia</span> <span class='ocrx_word' id='word_1_207' title='bbox 1624 1996 1850 2048; x_wconf 88' lang='lat' dir='ltr'>nonnulli</span> 
     </span>
     <span class='ocr_line' id='line_1_27' title="bbox 531 2068 1844 2135; baseline -0.002 -18"><span class='ocrx_word' id='word_1_208' title='bbox 531 2104 568 2128; x_wconf 87' lang='lat'>,‚</span> <span class='ocrx_word' id='word_1_209' title='bbox 606 2068 774 2135; x_wconf 92' lang='lat' dir='ltr'>(quod</span> <span class='ocrx_word' id='word_1_210' title='bbox 790 2069 1106 2118; x_wconf 88' lang='lat' dir='ltr'>vehementer</span> <span class='ocrx_word' id='word_1_211' title='bbox 1125 2068 1391 2119; x_wconf 89' lang='lat' dir='ltr'>dolendum</span> <span class='ocrx_word' id='word_1_212' title='bbox 1409 2068 1493 2130; x_wconf 77' lang='lat' dir='ltr'>est)</span> <span class='ocrx_word' id='word_1_213' title='bbox 1511 2071 1603 2118; x_wconf 89' lang='lat' dir='ltr'>hoc</span> <span class='ocrx_word' id='word_1_214' title='bbox 1624 2084 1844 2135; x_wconf 86' lang='lat' dir='ltr'>tempore</span> 
     </span>
     <span class='ocr_line' id='line_1_28' title="bbox 531 2140 1844 2207; baseline -0.001 -20"><span class='ocrx_word' id='word_1_215' title='bbox 531 2177 569 2200; x_wconf 89' lang='lat'><strong>„</strong></span> <span class='ocrx_word' id='word_1_216' title='bbox 607 2142 915 2207; x_wconf 87' lang='lat' dir='ltr'>reperiuntur</span> <span class='ocrx_word' id='word_1_217' title='bbox 931 2176 948 2198; x_wconf 85' lang='lat'><strong><em>,</em></strong></span> <span class='ocrx_word' id='word_1_218' title='bbox 977 2142 1063 2207; x_wconf 88' lang='lat' dir='ltr'>qui</span> <span class='ocrx_word' id='word_1_219' title='bbox 1079 2145 1288 2207; x_wconf 76' lang='lat' dir='ltr'>propriae</span> <span class='ocrx_word' id='word_1_220' title='bbox 1316 2144 1464 2190; x_wconf 86' lang='lat' dir='ltr'>etiam</span> <span class='ocrx_word' id='word_1_221' title='bbox 1483 2140 1647 2190; x_wconf 86' lang='lat' dir='ltr'>salutis</span> <span class='ocrx_word' id='word_1_222' title='bbox 1666 2143 1844 2187; x_wconf 89' lang='lat' dir='ltr'>imme-</span> 
     </span>
     <span class='ocr_line' id='line_1_29' title="bbox 532 2208 1845 2277; baseline -0.002 -18"><span class='ocrx_word' id='word_1_223' title='bbox 532 2247 568 2269; x_wconf 82' lang='lat'><strong>„</strong></span> <span class='ocrx_word' id='word_1_224' title='bbox 605 2228 762 2259; x_wconf 88' lang='lat' dir='ltr'>mores</span> <span class='ocrx_word' id='word_1_225' title='bbox 780 2246 796 2268; x_wconf 85' lang='grc'>,</span> <span class='ocrx_word' id='word_1_226' title='bbox 830 2226 1115 2277; x_wconf 80' lang='lat' dir='ltr'>terrenaque</span> <span class='ocrx_word' id='word_1_227' title='bbox 1135 2211 1406 2261; x_wconf 85' lang='lat' dir='ltr'>coelestibus</span> <span class='ocrx_word' id='word_1_228' title='bbox 1428 2247 1444 2270; x_wconf 88' lang='lat'>‚</span> <span class='ocrx_word' id='word_1_229' title='bbox 1476 2231 1528 2260; x_wconf 86' lang='lat' dir='ltr'>ac</span> <span class='ocrx_word' id='word_1_230' title='bbox 1546 2211 1728 2259; x_wconf 86' lang='lat' dir='ltr'>divinis</span> <span class='ocrx_word' id='word_1_231' title='bbox 1750 2208 1845 2257; x_wconf 89' lang='lat' dir='ltr'>hu-</span> 
     </span>
     <span class='ocr_line' id='line_1_30' title="bbox 535 2281 1845 2350; baseline -0.002 -20"><span class='ocrx_word' id='word_1_232' title='bbox 535 2319 569 2340; x_wconf 83' lang='lat'><strong>„</strong></span> <span class='ocrx_word' id='word_1_233' title='bbox 605 2300 747 2330; x_wconf 86' lang='lat' dir='ltr'>mana</span> <span class='ocrx_word' id='word_1_234' title='bbox 767 2281 1151 2350; x_wconf 70' lang='lat' dir='ltr'>praeferente8,in</span> <span class='ocrx_word' id='word_1_235' title='bbox 1170 2282 1365 2331; x_wconf 84' lang='lat' dir='ltr'>diverfis</span> <span class='ocrx_word' id='word_1_236' title='bbox 1383 2282 1550 2332; x_wconf 82' lang='lat' dir='ltr'>Curiis</span> <span class='ocrx_word' id='word_1_237' title='bbox 1570 2295 1809 2348; x_wconf 83' lang='lat' dir='ltr'>vagantur</span> <span class='ocrx_word' id='word_1_238' title='bbox 1828 2314 1845 2338; x_wconf 86' lang='lat'>,</span> 
     </span>
     <span class='ocr_line' id='line_1_31' title="bbox 532 2350 1848 2470; baseline -0.005 -66"><span class='ocrx_word' id='word_1_239' title='bbox 532 2388 569 2412; x_wconf 87' lang='grc'>,,</span> <span class='ocrx_word' id='word_1_240' title='bbox 606 2368 687 2404; x_wconf 86' lang='lat' dir='ltr'>aut</span> <span class='ocrx_word' id='word_1_241' title='bbox 709 2357 763 2402; x_wconf 83' lang='lat' dir='ltr'>in</span> <span class='ocrx_word' id='word_1_242' title='bbox 787 2357 1101 2422; x_wconf 85' lang='lat' dir='ltr'>negotiorum</span> <span class='ocrx_word' id='word_1_243' title='bbox 1127 2352 1475 2423; x_wconf 82' lang='lat' dir='ltr'>temporalium</span> <span class='ocrx_word' id='word_1_244' title='bbox 1502 2350 1848 2470; x_wconf 51' lang='lat' dir='ltr'>solicitudine?</span> 
     </span>
     <span class='ocr_line' id='line_1_32' title="bbox 1728 2437 1853 2471; baseline -0.024 -1"><span class='ocrx_word' id='word_1_245' title='bbox 1728 2437 1812 2471; x_wconf 82' lang='lat' dir='ltr'>ovi</span> <span class='ocrx_word' id='word_1_246' title='bbox 1836 2438 1853 2467; x_wconf 84' lang='lat'><strong>1</strong></span> 
     </span>
    </p>
   </div>
  </div>
 </body>
</html>
