2043 2958
477 251 541 296 24
819 230 1440 284 CONCILIIROMANI

473 305 744 373 probentur
766 343 781 364 ‚
821 306 871 355 &
907 305 966 353 ad
995 324 1047 353 ea
1075 303 1316 373 populum
1336 300 1610 352 docendum
1628 337 1642 359 ,
1679 321 1785 370 quae

471 375 594 425 scire
615 377 843 426 omnibus
862 380 1073 444 pertinet
1092 376 1149 424 ad
1166 374 1397 432 salutem3
1415 373 1546 441 quod
1566 375 1788 441 quidem,

473 463 528 496 ut
551 449 676 498 recte
693 448 901 517 praestari
921 446 1060 516 possit
1082 484 1096 505 ,
1116 445 1309 495 eosdem
1325 444 1589 513 Episcopos
1611 448 1663 493 in
1682 446 1789 495 Do·-

472 523 611 568 mino
628 519 1287 585 exhortamur‚ut‚quantum
1300 516 1405 565 fieri
1422 515 1675 585 potest‚eos
1691 532 1794 564 tan—

471 593 582 638 tum
603 592 659 639 ad
678 590 1001 639 sacerdotium
1019 590 1250 638 assumant
1266 626 1281 646 ,
1297 606 1418 655 quos
1436 587 1605 636 saltem
1627 587 1792 637 Theo-

473 659 616 729 logiae
638 662 840 710 moralis
866 674 1202 729 competenter
1220 663 1403 728 peritos
1423 656 1682 726 agnoscant
1696 694 1706 704 .

923 780 971 830 C
1007 779 1059 829 A
1096 779 1149 828 P.
1224 777 1247 826 I
1266 778 1330 826 V.

466 897 721 950 Ordinandi
740 901 786 946 in
804 896 946 945 aliena
962 896 1157 964 Dioeccfi
1168 895 1231 944 ad
1243 895 1428 945 titulum
1459 883 1662 962 beneficii
1681 934 1699 955 ,
1735 899 1790 948 ab

556 970 756 1037 Epistopo
777 968 993 1015 domicilii
1012 972 1321 1015 examinentur
1338 1002 1348 1013 .
1391 967 1431 1015 F
1432 967 1579 1014 ruffus
1596 974 1709 1017 ‘verb

678 1039 878 1103 beneficii·
907 1039 1110 1085 ‘valorem
1149 1054 1284 1102 aequet
1317 1042 1578 1094 patrimonii

766 1107 827 1156 ad
856 1124 1008 1157 toxam
1037 1107 1222 1173 ejusdem
1244 1106 1486 1155 domicilii.

466 1227 921 1410 jScumque
950 1242 1111 1278 autem
1129 1226 1439 1278 domicilium
1459 1230 1508 1276 in
1528 1247 1618 1277 una
1638 1229 1786 1279 Dioe-

656 1299 745 1348 cesi
761 1298 996 1350 habentes
1016 1337 1032 1359 ‚
1066 1301 1118 1349 in
1139 1301 1228 1349 alia
1253 1296 1550 1350 beneficium
1570 1301 1787 1351 ecclefia-

693 1371 865 1420 sticum
886 1373 1196 1421 obtinuerint
1217 1409 1232 1429 ‚
1267 1374 1313 1422 ὃς
1348 1372 1403 1420 ad
1429 1371 1561 1420 illius
1585 1372 1789 1422 titulum

466 1443 526 1493 ab
547 1443 786 1512 Episcopo
805 1479 822 1499 ‚
854 1447 905 1490 in
935 1448 1069 1505 cujus
1106 1442 1323 1492 Dioecefi
1361 1443 1423 1491 est
1456 1443 1752 1493 beneficium
1772 1482 1787 1503 ,

463 1517 752 1583 promoveri
771 1516 1003 1582 petierint
1024 1551 1040 1572 ,
1058 1529 1234 1582 praeter
1255 1514 1419 1562 literas
1441 1515 1780 1564 testimoniales

460 1585 604 1654 super
627 1603 794 1634 eorum
811 1584 1054 1633 natalibus
1072 1620 1088 1641 ,
1119 1600 1256 1633 aetate
1270 1621 1286 1642 ,
1317 1591 1420 1633 vita
1439 1621 1455 1641 ‚
1477 1587 1525 1634 ἃ,
1542 1587 1786 1644 moribus,

456 1662 599 1720 juxta
635 1655 1055 1705 Constitutionem
1085 1652 1166 1702 sel.
1205 1673 1299 1703 rec.
1329 1655 1608 1703 innocentii
1642 1656 1782 1723 Papae

465 1728 582 1777 XII.
615 1746 721 1795 quae
754 1729 931 1792 incipit
945 1726 1270 1793 Speculatores,
1290 1725 1617 1793 impetrandas
1638 1762 1653 1783 ,
1674 1745 1789 1776 exa-

399 1860 407 1866 .
460 1817 577 1846 men
597 1816 790 1866 quoque
809 1816 973 1846 coram
992 1797 1237 1845 domicilii
1257 1796 1495 1864 Episcopo
1513 1833 1529 1854 ,
1564 1796 1594 1843 fi
1615 1802 1667 1845 in
1685 1803 1784 1861 ejus

123 1887 163 1924 ἃ,
181 1870 319 1916 0072&
333 1850 447 1910 '135‘AE
459 1868 731 1920 Dioecefim
749 1869 838 1916 fint
859 1868 1099 1918 reversuri
1118 1904 1134 1925 ,
1163 1867 1301 1935 super
1333 1866 1531 1916 scientia
1546 1905 1579 1954 ἃ
1605 1870 1653 1919 ὃς
1684 1870 1790 1918 ido-

150 1921 444 2029 ᾔέἕῖξᾴέέ
464 1945 676 1999 neitate,
707 1956 760 1988 ut
780 1940 969 1989 distum
988 1940 1049 1989 est
1066 1975 1082 1996 ,
1113 1938 1275 1988 subire
1308 1940 1593 1998 teneantur{
1627 1957 1784 2008 neque

261 1990 304 2026 fl
468 2010 813 2060 testimoniales
845 2010 1008 2058 literas
1032 2008 1273 2057 ullatenus
1304 2009 1506 2057 concedi
1522 2010 1750 2060 volumus
1769 2047 1786 2068 ,

469 2081 553 2131 nis]
573 2118 589 2140 ,
608 2086 796 2150 praevio
812 2080 1055 2130 anteditsio
1083 2083 1310 2129 examine
1324 2117 1339 2138 ,
1378 2079 1565 2130 habiles
1582 2083 1639 2130 ad
1658 2082 1789 2131 ordi-

468 2172 583 2203 nem
603 2153 863 2221 approbari
884 2156 1153 2202 meruerint
1175 2189 1184 2199 .
1224 2151 1528 2201 Beneficium
1553 2167 1713 2201 autem
1733 2153 1791 2202 ad

469 2244 736 2295 congruam
756 2229 871 2274 vitoe
894 2225 1286 2274 sustentationem
1304 2261 1321 2282 ,
1347 2227 1414 2272 ita
1434 2229 1526 2272 erit
1544 2260 1559 2281 ,
1588 2239 1642 2273 ut
1663 2223 1798 2274 abso-

463 2297 569 2346 lute
589 2335 603 2356 ,
630 2303 775 2360 juxta
794 2313 959 2346 taxam
979 2335 994 2356 ,
1014 2315 1268 2347 moremve
1288 2299 1498 2365 propriae
1518 2294 1757 2345 Dioecefis
1776 2333 1793 2354 ,

446 2370 522 2417 ‘ad
555 2388 702 2435 quam
727 2370 1024 2421 ordinandus
1054 2369 1108 2419 fit
1131 2369 1374 2418 rediturus
1394 2403 1410 2425 ‚
1437 2364 1675 2416 sufficiens
1704 2367 1792 2416 effe

448 2442 732 2504 judicetur.
1632 2439 1787 2489 CAP.
