2043 2958
583 256 643 283 AD
666 235 948 286 CONCULIUM
967 232 1221 282 ROMANUM
1239 266 1250 277 .
1470 244 1567 287 239

264 308 511 358 transumptis
528 336 540 354 ‚
563 307 625 346 seu
650 307 859 355 exemplis,
891 306 1009 343 etiam
1036 301 1244 353 impreffis‚
1270 311 1389 339 manu
1411 298 1568 342 alicujus
1617 302 1812 333 Mandatum
1836 299 1873 328 de

265 360 421 400 Notarii
437 360 577 408 publici
597 360 808 409 subscriptis
822 386 833 403 ‚
858 357 1040 407 &sigillo
1055 354 1230 405 peffonae,
1252 367 1291 392 ln
1306 352 1569 390 Ecclefiastica
1597 344 1658 374 fide
1690 340 1872 413 hfb?.'²{¹}·²¹

266 411 459 464 dignitate
482 411 709 457 constitutae,
728 412 886 448 munitis
899 434 910 450 ‚
933 420 1069 446 eae-em
1082 407 1227 457 prorsus
1238 405 1332 444 fides
1357 413 1438 442 tam
1455 406 1492 442 in
1508 395 1705 447 ju-,exemp
1723 395 1828 417 arion>
1844 403 1852 413 ‘

265 463 371 503 dicio
384 492 396 510 ‚
425 466 541 515 quam
555 474 660 503 extra
683 464 778 500 illud
792 463 933 510 ubique
949 460 1175 498 adhibeatur
1188 485 1198 502 ‚
1221 469 1300 507 quae
1324 455 1465 495 eisdem
1481 467 1572 503 prae·

265 516 436 555 sentibus
453 516 696 555 adhiberetur
709 542 721 559 ,
747 515 773 552 fi
789 516 914 551 forent
930 512 1104 550 exhibitae
1119 538 1130 556 ‚
1147 512 1206 547 vel
1221 508 1369 547 ostensae
1383 536 1392 546 .
1424 508 1574 546 Datum

266 567 396 607 Romae
414 567 512 618 apud
525 568 706 606 Sameram
723 567 892 604 Mariam
910 565 1102 608 Maiorem
1117 562 1182 599 sub
1197 561 1358 601 Annulo
1374 558 1573 597 piscatoris

264 619 328 658 die
349 633 464 658 xxm.
477 620 716 669 Septembris
734 631 844 666 1724.
872 613 1125 654 Pontificatus
1143 613 1273 651 Nostri
1285 615 1405 651 Anno
1419 608 1573 656 Primo.

721 711 778 770 F.
795 713 954 769 Card.
973 710 1235 764 Oliverius
1251 749 1261 761 .

839 908 1010 949 XVII.

594 996 1249 1061 METODO

339 1117 419 1167 Da
455 1117 627 1166 tenersi
656 1116 735 1165 dal
764 1117 915 1166 Clero
951 1114 1079 1164 nelle
1112 1115 1507 1181 Congregazioni

445 1187 517 1236 de'
538 1188 676 1255 Sagri
696 1189 808 1237 Riti
827 1223 844 1245 ,
873 1205 897 1234 e
916 1185 1022 1235 Casl
1043 1186 1095 1234 di
1111 1184 1374 1234 Coscienza
1391 1219 1402 1231 .

594 1293 669 1330 Cit.
695 1295 769 1330 Tit.
785 1295 879 1331 XV.
903 1293 992 1345 Cap.
1004 1293 1077 1329 IX.
1096 1301 1180 1340 pag.
1202 1302 1263 1337 59.

427 1385 465 1424 H
482 1399 492 1423 1
520 1387 547 1424 fi
572 1385 756 1426 raccorda
773 1415 785 1433 ‚
811 1389 880 1425 che
895 1385 1006 1425 lddio
1022 1398 1086 1434 per
1101 1384 1202 1422 Osea
1223 1381 1312 1421 diffe
1329 1384 1360 1421 a'
1380 1381 1580 1422 Sacerdoti
1612 1401 1666 1430 Ad
1682 1401 1746 1430 Tit.
1762 1401 1807 1428 De
1821 1408 1868 1428 ce-

442 1438 504 1476 del
519 1439 683 1476 vecchio
699 1439 954 1478 Testamento
971 1449 979 1474 :
1004 1443 1019 1459 ²
1034 1441 1116 1486 quia
1129 1447 1170 1472 tu
1186 1437 1380 1483 scientiam
1396 1435 1557 1483 repulzsti
1568 1461 1580 1480 ‚
1610 1443 1723 1473 lebret.
1740 1441 1865 1480 Mtffisr.

441 1491 607 1537 repellam
621 1501 657 1526 te
670 1517 681 1535 ‚
701 1503 743 1527 ne
742 1491 942 1538 sacerdotio
950 1489 1118 1537 fitngaris
1133 1489 1222 1524 mihi
1235 1514 1245 1531 ‚
1262 1486 1449 1525 rissetterfi
1466 1487 1581 1531 bene,
1736 1519 1755 1539 a

266 1551 408 1590 quanta
434 1539 584 1579 scienza
605 1542 633 1580 fi
660 1540 861 1594 richiegga
885 1542 947 1580 nel
966 1538 1195 1581 Sacerdozio
1212 1539 1476 1589 Evangelico‚·
1502 1550 1580 1575 non
1608 1551 1866 1591 ofiaelwerstffi

266 1592 478 1631 dovendofi
499 1604 643 1643 negare
660 1594 736 1632 aila
752 1593 877 1633 verit&
893 1594 1025 1642 quello
1040 1621 1052 1638 ‚
1076 1593 1146 1629 che
1163 1589 1411 1629 richiedevafi
1425 1589 1581 1627 all'om-

268 1646 336 1683 bra
352 1671 364 1690 ,
385 1644 433 1681 ed
447 1644 522 1693 agli
537 1645 682 1694 enigmi
697 1672 706 1681 .
740 1646 770 1683 E
786 1644 988 1696 maggiore
1005 1646 1153 1684 scienza
1179 1649 1421 1680 certamente
1436 1639 1582 1679 richie-

268 1697 346 1734 defi
370 1697 408 1732 in
426 1696 508 1745 que'
521 1723 534 1742 ,
551 1699 620 1735 che
635 1709 711 1734 non
726 1700 855 1735 hanno
870 1697 933 1749 gia
947 1696 996 1735 da
1013 1695 1165 1735 offerire
1182 1696 1225 1733 si]
1246 1693 1305 1731 de’
1320 1693 1428 1742 Sagri
1444 1693 1579 1731 Altari

272 1747 427 1786 vittime
454 1748 493 1785 di
519 1747 681 1786 animali
700 1748 891 1787 immondi
905 1776 916 1793 ‚
941 1751 1004 1787 rna
1020 1750 1057 1787 lo
1072 1746 1326 1784 immacolato
1339 1744 1513 1791 Agnello
1541 1744 1581 1781 di

270 1798 351 1837 Dio
364 1814 380 1839 ,-
404 1811 424 1836 e
439 1798 593 1837 devono
611 1798 824 1838 ministrare
841 1800 853 1836 i
867 1798 1107 1848 sagramenti
1123 1825 1135 1841 ,
1155 1799 1226 1835 che
1240 1795 1303 1834 dal
1318 1793 1356 1833 di
1373 1794 1428 1832 lui
1443 1802 1580 1844 aperto

269 1852 416 1889 costato
429 1848 685 1888 diramaronfi
699 1851 719 1888 ὲ
733 1849 921 1889 benefizio
934 1851 1023 1889 dell'
1039 1848 1230 1889 Universo
1245 1875 1254 1884 .
1288 1847 1359 1884 Per
1374 1857 1451 1883 non
1465 1844 1580 1884 effere

266 1902 468 1950 adunquei
486 1902 709 1947 Sacerdoti,
729 1903 775 1940 ed
790 1902 883 1953 ogni
897 1903 999 1940 altro
1016 1900 1198 1941 Ministro
1226 1897 1459 1937 dell’Altare
1475 1923 1487 1942 ‚
1514 1910 1581 1935 co-

269 1965 333 1992 me
351 1953 545 2002 ignoranti
562 1980 573 1998 ‚
590 1954 766 2004 rigettati
781 1953 884 2000 dagli
901 1954 1053 1998 esercizj
1066 1953 1124 1991 de’
1141 1952 1255 1989 nostri
1271 1949 1479 1999 sagrosanti
1496 1949 1581 1986 Mi-

270 2007 356 2051 sterj
374 2033 386 2050 ‚
414 2005 739 2054 frequenteranno
761 2007 796 2044 le
811 2005 1124 2057 Congregazioni
1153 2002 1211 2040 de'
1226 2001 1315 2040 Cafi
1332 2024 1346 2046 ,
1369 2012 1389 2038 e
1402 2001 1460 2038 de'
1474 2000 1550 2038 Riti
1567 2028 1580 2047 ,

270 2065 384 2096 tanto
399 2057 590 2096 inculcare
604 2086 616 2104 ‚
634 2058 911 2107 precisamente
928 2059 989 2097 nel
1005 2057 1176 2107 presente
1190 2051 1371 2092 Concilio
1386 2051 1579 2098 Romano,

271 2110 306 2148 le
319 2109 423 2158 quali
439 2109 577 2147 faranfi
597 2110 699 2148 nella
717 2110 888 2148 maniera
901 2136 914 2155 ‚
939 2112 1008 2148 che
1023 2111 1087 2159 qui
1114 2108 1141 2145 fi
1157 2105 1365 2157 soggiugne
1377 2132 1390 2151 ‚
1414 2117 1435 2143 e
1451 2105 1478 2143 fi
1491 2117 1580 2154 pro-

271 2173 370 2211 pone
387 2161 537 2199 doverfi
553 2159 742 2201 offervare
760 2191 769 2201 .

328 2226 360 2251 1.
418 2212 509 2251 Una
524 2214 631 2251 volta
645 2213 821 2264 adunque
844 2225 908 2262 per
922 2211 1173 2252 ciascheduna
1190 2209 1396 2249 settimana
1423 2208 1480 2246 ne'
1495 2208 1579 2246 luo-

272 2265 366 2315 ghi,
386 2264 434 2303 da
450 2264 620 2302 stabilirfi
640 2266 700 2302 da'
718 2266 897 2308 Vescovi‚
915 2266 960 2303 ed
979 2266 1017 2304 in
1032 2265 1154 2303 Roma
1169 2259 1578 2301 dall'Eminentiffimo

272 2314 411 2366 Signor
427 2316 611 2354 Cardinai
629 2317 785 2355 Vicaiio
799 2345 809 2361 ,
825 2316 947 2355 faraffi
965 2318 985 2356 ὲ
1001 2315 1174 2359 vicenda‚
1194 2317 1266 2353 hor
1280 2315 1396 2357 l'una,
1411 2314 1481 2349 hor
1494 2310 1578 2349 l’al-

272 2375 331 2406 tra
349 2394 361 2414 ,
387 2369 424 2407 la
451 2367 771 2419 Congregazione
787 2369 844 2407 de'
860 2368 943 2408 Cafi
957 2397 970 2417 ,
998 2381 1018 2407 e
1040 2369 1097 2407 de’
1117 2364 1196 2407 Riti
1214 2394 1224 2404 .
1256 2367 1306 2406 Vi
1322 2365 1401 2404 sara
1416 2363 1577 2452 uanre-

1481 2423 1576 2459 etto,
