2043 2958
455 212 546 259 162
921 209 1302 259 APPENDIX

1035 315 1188 356 VIII.

598 395 1609 461 CONSTITUTIO

547 519 1032 565 SANCTISSIMI
1076 523 1358 562 DOMINI
1397 520 1666 563 NOSTRI

443 619 1107 702 BENEDICTI
1151 619 1474 701 PAPAE
1509 619 1750 700 XIII.

445 762 533 811 Qa
562 763 678 801 literae
694 763 928 812 Apostolicae
951 764 1029 803 san.
1044 778 1164 804 mem.
1178 763 1273 802 Sixti
1289 764 1338 802 V.
1353 790 1365 809 ,
1393 763 1544 802 Urbani
1559 763 1664 803 VIII.
1681 790 1692 808 ‚
1717 763 1756 802 &

496 813 715 853 Innocentii
729 814 798 853 XI.
816 843 826 860 ‚
850 825 966 865 atque
981 818 1194 856 Decretum
1207 814 1477 862 DD.Judicum
1492 817 1755 864 querelarum,

496 864 535 902 δι’
560 867 922 904 Controverfiarum
947 869 1052 905 Sacri
1067 866 1413 907 ConciliiRomani
1428 867 1465 902 in
1480 866 1655 904 favorem
1673 866 1757 904 Ab·-

494 917 650 954 batialiS
679 918 873 963 Ecclefiae,
904 918 943 956 ὃ(
967 919 1136 958 Abbatis
1158 918 1262 957 Sacri
1291 918 1519 955 Monasterii
1537 918 1753 956 Cafinenfis

493 968 655 1006 Ordinis
685 970 719 1005 S.
736 969 933 1007 Benedic‘ti
962 969 1189 1018 amplisfime
1219 968 1498 1007 confirmantur
1518 981 1526 1005 :
1557 969 1753 1006 Necnon„

494 1020 675 1056 eamdem
693 1019 952 1058 Abbatialem
970 1021 1178 1058 Ecclefiam
1191 1019 1297 1056 fuisse
1309 1046 1320 1062 ‚
1346 1019 1384 1055 &
1399 1018 1470 1055 effe
1486 1020 1590 1067 quafi
1607 1019 1757 1058 Cathe-

493 1070 644 1108 dralem
661 1096 672 1114 ,
699 1070 737 1106 [xi
754 1070 900 1108 Abbati
918 1070 1417 1120 praedic‘toJurisdidiionem
1435 1069 1539 1116 quafi
1558 1070 1757 1118 Episcopa-

494 1122 569 1160 lem
596 1119 634 1160 in
660 1123 843 1160 omnibus
862 1122 1048 1161 Dioecefis
1064 1122 1278 1162 Cafinensis
1293 1121 1466 1160 Ecclefiis
1490 1119 1731 1169 competiiffe
1746 1149 1758 1166 ‚

494 1173 532 1210 δι.
557 1184 777 1223 competere
790 1174 1035 1214 declaratum·
1063 1175 1125 1212 Ac
1150 1173 1518 1222 insuperCapitu10‚
1547 1172 1691 1216 clero,
1717 1173 1756 1212 δε

492 1224 639 1274 Populo
653 1226 795 1275 Oppidi
813 1252 824 1270 ‚
851 1226 912 1264 seu
930 1226 1118 1265 Civitatis
1130 1227 1165 1264 S.
1180 1225 1393 1270 Germani,
1406 1224 1531 1275 quoad
1555 1224 1645 1261 novi
1664 1224 1754 1272 Epi-

492 1277 668 1326 scopatus
692 1279 929 1315 ereffionem
945 1304 956 1321 ‚
983 1278 1043 1315 seu
1062 1278 1345 1316 restitutionem
1362 1304 1373 1322 ,
1399 1284 1621 1326 perpetuum
1638 1275 1754 1313 silen-

492 1328 593 1366 tium
625 1329 863 1378 imponitur,
890 1341 977 1367 cum
1007 1329 1094 1368 aliis
1121 1327 1454 1373 ordinationibus,
1482 1329 1522 1367 &
1547 1327 1751 1372 clausulis,

492 1389 606 1428 atque
622 1380 938 1431 derogationibus
955 1382 1178 1430 opportunis
1194 1409 1203 1418 .

463 1484 1738 1582 BENEDICTUS

668 1635 723 1694 E
771 1633 898 1694 Pl
947 1632 990 1695 S
1045 1633 1106 1696 C
1156 1633 1224 1696 O
1271 1635 1322 1693 P
1373 1634 1434 1694 U
1483 1631 1528 1693 S

565 1750 898 1803 SERVUS
949 1750 1440 1802 SERVORUM
1489 1748 1634 1799 DEI

727 1856 806 1906 Ad
823 1873 1079 1926 perpetuam
1109 1861 1177 1905 rei
1194 1859 1443 1905 memoriam
1463 1891 1475 1903 .

136 1988 193 2019 Ad
209 1988 412 2018 Tit.DeMa-
611 1980 686 2020 Uo
702 1990 726 2016 D
750 1978 1005 2018 inscrutabilis
1031 1979 1179 2018 Divinae
1207 1977 1409 2028 Sapientis?
1426 2005 1436 2023 ,
1461 1986 1576 2027 atque
1596 1978 1750 2017 bonita-

124 2031 223 2071 jerit.
244 2030 383 2067 &Obni-
445 1980 673 2160 QIS
697 2030 862 2068 altitudo
876 2030 1233 2070 humilitatinostrae
1251 2058 1260 2075 ‚
1289 2029 1440 2068 meritis
1457 2030 1569 2075 licet,
1592 2041 1634 2068 ac
1652 2030 1751 2068 viri-

627 2084 694 2121 bus
708 2083 822 2133 longe
840 2083 976 2132 impari
991 2111 1001 2128 ,
1014 2083 1263 2121 committere
1278 2082 1437 2130 dignata
1455 2084 1505 2120 est
1521 2110 1532 2127 ,
1549 2081 1753 2120 §acrosan-

653 2136 703 2173 dn
724 2135 976 2184 Apostolatus
994 2134 1177 2174 Officium
1195 2145 1215 2171 a
1230 2133 1353 2173 Nobis
1368 2135 1502 2185 exigit,
1519 2142 1558 2172 ut
1574 2133 1751 2171 omnium

442 2189 598 2241 quidem
627 2187 821 2226 Ordinum
851 2187 1096 2238 Regularium
1113 2216 1123 2233 ‚
1152 2198 1313 2235 quorum
1342 2186 1380 2223 in
1406 2197 1566 2224 nurnero
1579 2183 1660 2222 Nos
1685 2185 1750 2234 ipfi

444 2239 670 2289 jamdudum
686 2239 840 2276 Sacrum
858 2239 1156 2278 praedicatorum
1177 2238 1394 2276 Institutum
1411 2235 1558 2286 profeffi
1576 2235 1719 2274 fuimus
1737 2265 1748 2282 ,

447 2303 647 2344 paternam
673 2302 851 2335 geramus
865 2303 995 2329 curam
1013 2320 1022 2336 ‚
1049 2291 1109 2328 sed
1128 2302 1192 2328 eos
1216 2289 1448 2339 potissimum
1467 2287 1673 2326 Pontiticiae
1689 2288 1753 2327 di-

445 2343 624 2386 lectionis
644 2337 811 2382 brachiis
825 2344 1130 2393 complectamur
1144 2371 1156 2389 ,
1172 2341 1392 2388 foveamus,
1409 2341 1446 2380 &t
1463 2339 1610 2378 traditae
1628 2338 1750 2429 Noli-is

1640 2401 1700 2429 coe
1718 2405 1754 2430 1-
