2043 2958
604 216 915 269 TITULUS
970 214 1136 265 XIV·
1458 227 1524 272 47

211 308 318 340 cem
335 289 636 360 apponendis
653 327 669 349 ,
707 288 969 359 diligenter
990 285 1283 337 observanda
1309 282 1531 331 decerni-

210 380 320 411 mus
342 383 357 422 ;
389 381 699 431 quacumque
731 365 784 411 in
815 363 1116 411 contrarium
1143 353 1489 406 consuetudine
1509 389 1525 412 ,

211 438 361 483 etiarn
379 433 785 492 immemorabili,
806 432 951 499 stylo,
971 447 1051 482 aut
1065 428 1332 501 privilegio
1353 462 1370 487 ,
1390 428 1529 494 peni-

210 519 286 554 tus
309 504 515 556 exclusis
528 543 546 567 ,
564 522 709 576 atque
730 504 930 557 sublatis
951 538 963 552 .
983 499 987 501 ’

687 648 914 703 CAP.
986 646 1066 695 ΙΙ.

210 751 262 802 In
282 754 426 810 Cauffs
458 756 790 813 criminalibus,
828 756 1116 821 adfizvorem
1147 751 1264 818 Festi
1297 749 1529 797 Curiarum

315 826 632 893 Epiftopalium
653 861 669 882 ,
717 827 773 872 Φ·
804 825 1006 889 cujusvis
1037 823 1290 890 Superioris
1331 819 1425 867 Re-

433 894 608 963 gularis
628 930 645 952 ,
681 894 971 943 constituitur
990 893 1136 942 Romae
1153 892 1301 942 Gene-

569 966 681 1014 ralis
713 966 941 1016 Promocor
959 964 1144 1031 Fzstalis
1165 998 1175 1010 .

333 1068 556 1118 Raeterea
574 1104 590 1126 ,
619 1086 735 1117 cum
766 1086 867 1117 non
903 1073 1012 1117 raro
1037 1070 1322 1134 contingat,
1361 1079 1531 1116 contra

367 1138 561 1188 Fiscum
594 1139 864 1187 Curiarum
890 1138 1315 1186 ecclefiasticarum
1335 1171 1351 1191 ,
1383 1140 1533 1186 etiam

214 1207 540 1276 Regularium
559 1243 576 1266 ,
609 1206 668 1256 ab
696 1206 862 1274 aliquo
897 1206 1168 1256 criminalis
1204 1203 1373 1253 deliffi
1389 1207 1495 1255 Reo
1515 1240 1532 1261 ,

209 1279 421 1328 nostram
451 1279 509 1327 ad
542 1277 669 1327 hanc
700 1278 876 1328 Sedem
895 1276 1236 1346 Apostolicam
1255 1274 1531 1343 appellari,

209 1351 259 1400 &
305 1364 507 1418 propter
552 1348 797 1398 defectum
832 1349 1031 1399 alterius
1069 1353 1223 1416 partis
1254 1382 1270 1405 ,
1317 1343 1532 1415 appella-

208 1424 335 1469 tioni
369 1440 469 1470 non
497 1420 791 1470 adhaerentis
812 1456 829 1478 ,
861 1419 1091 1487 Episcopi
1129 1417 1364 1468 videlicet
1392 1452 1409 1474 ,
1447 1416 1533 1466 vel.

207 1490 352 1558 ipsius
390 1492 663 1559 Superioris
700 1490 960 1558 Regularis
992 1525 1009 1548 ,
1049 1493 1137 1558 qui
1172 1487 1437 1555 respestive
1476 1490 1528 1536 in

206 1561 551 1625 praejudicium
580 1561 852 1619 Dioecefis,
886 1561 1167 1627 Pauperum
1187 1595 1204 1617 ,
1241 1560 1292 1607 ὃς
1319 1561 1532 1626 propriae

209 1631 485 1699 Religionis
505 1668 521 1690 ,
553 1631 665 1680 lites
694 1630 780 1681 hic
799 1667 817 1690 ‚
849 1630 1176 1698 expensasque
1211 1627 1407 1678 sufferre
1433 1646 1531 1677 non

214 1703 379 1751 valent
399 1740 415 1761 ,
453 1702 805 1753 controversias
824 1738 841 1760 ‚
881 1700 1084 1770 publico
1104 1700 1424 1765 cumjustitiae
1451 1698 1533 1748 de-

216 1777 482 1831 triment0,
514 1774 595 1823 vel
631 1771 863 1821 indecisas
894 1790 1140 1820 remanere
1169 1807 1186 1829 ,
1235 1770 1316 1821 vel
1344 1785 1396 1818 ut
1421 1769 1532 1836 plu-

210 1846 394 1891 rimum
410 1878 425 1900 ,
453 1843 578 1890 Fisci
600 1857 761 1909 partes
781 1846 978 1890 nemine
997 1857 1165 1889 tuente
1185 1877 1201 1898 ,
1238 1843 1493 1889 terminari
1512 1875 1530 1897 ,

211 1932 325 1962 cum
363 1911 664 1961 absolutione
685 1912 784 1961 Rei
806 1911 1145 1961 tantummodo
1165 1913 1493 1977 comparentis
1514 1929 1531 1969 3

211 1987 527 2052 praecipimus
566 1983 755 2030 idcirco
782 2018 798 2040 ,
846 1997 932 2039 ut,
971 1981 1056 2030 ubi
1087 1985 1141 2028 in
1177 1981 1322 2029 causis
1360 1984 1531 2028 crimi-

212 2054 403 2103 nalibus
426 2053 680 2123 Episcopi,
708 2053 859 2102 aliive
886 2052 1109 2102 locorum
1133 2051 1386 2101 Ordinarii
1403 2086 1420 2109 ,
1451 2048 1531 2099 seu

216 2125 500 2191 Superiores
538 2124 753 2192 quilibet
773 2123 1044 2192 Regulares
1063 2159 1079 2182 ,
1099 2141 1161 2171 ex
1182 2122 1378 2180 offici0,
1405 2124 1454 2171 ὃ(
1472 2120 1531 2169 ad

217 2195 404 2244 nullius
442 2196 726 2264 querelam,
755 2196 836 2244 vel
875 2192 1262 2252 accusationem,
1300 2190 1532 2261 processe·-

216 2271 317 2315 rint
333 2303 349 2323 ,
370 2283 513 2336 atque
535 2266 594 2316 ab
613 2266 894 2315 eorumdem
910 2264 1054 2314 suerit
1073 2265 1278 2315 decretis
1294 2301 1309 2323 ,
1330 2263 1408 2312 vel
1429 2261 1533 2309 sen-

218 2342 385 2387 tentiis
417 2339 474 2389 ad
505 2338 604 2394 Nos
624 2373 641 2397 ,
670 2337 766 2388 five
798 2337 1017 2389 Camerae
1042 2336 1208 2387 nostrae
1236 2334 1535 2406 Apostolicae

1430 2404 1538 2454 Au-
