<?xml version="1.0" encoding="UTF-8"?>
<!DOCTYPE html PUBLIC "-//W3C//DTD XHTML 1.0 Transitional//EN"
    "http://www.w3.org/TR/xhtml1/DTD/xhtml1-transitional.dtd">
<html xmlns="http://www.w3.org/1999/xhtml" xml:lang="en" lang="en">
 <head>
  <title>
</title>
<meta http-equiv="Content-Type" content="text/html;charset=utf-8" />
  <meta name='ocr-system' content='tesseract 3.04.00' />
  <meta name='ocr-capabilities' content='ocr_page ocr_carea ocr_par ocr_line ocrx_word'/>
</head>
<body>
  <div class='ocr_page' id='page_1' title='image "./conciliumromanum00cath_0231.png"; bbox 0 0 2043 2958; ppageno 0'>
   <div class='ocr_carea' id='block_1_1' title="bbox 565 227 1561 380">
    <p class='ocr_par' dir='ltr' id='par_1_1' title="bbox 565 227 1561 380">
     <span class='ocr_line' id='line_1_1' title="bbox 565 227 1561 304; baseline 0.009 -27"><span class='ocrx_word' id='word_1_1' title='bbox 565 248 626 278; x_wconf 74' lang='lat' dir='ltr'>An</span> <span class='ocrx_word' id='word_1_2' title='bbox 646 227 929 281; x_wconf 64' lang='lat' dir='ltr'>Concmum</span> <span class='ocrx_word' id='word_1_3' title='bbox 948 229 1209 283; x_wconf 58' lang='lat' dir='ltr'>Romnum</span> <span class='ocrx_word' id='word_1_4' title='bbox 1224 268 1238 283; x_wconf 89' lang='lat'><strong>.</strong></span> <span class='ocrx_word' id='word_1_5' title='bbox 1461 251 1561 304; x_wconf 49' lang='lat'>203¹</span> 
     </span>
     <span class='ocr_line' id='line_1_2' title="bbox 829 339 977 380; baseline -0.007 -1"><span class='ocrx_word' id='word_1_6' title='bbox 829 339 977 380; x_wconf 89' lang='lat' dir='ltr'>XIII.</span> 
     </span>
    </p>
   </div>
   <div class='ocr_carea' id='block_1_2' title="bbox 283 429 1865 630">
    <p class='ocr_par' dir='ltr' id='par_1_2' title="bbox 283 429 1865 630">
     <span class='ocr_line' id='line_1_3' title="bbox 585 429 1241 495; baseline 0.006 -4"><span class='ocrx_word' id='word_1_7' title='bbox 585 429 651 491; x_wconf 91' lang='lat' dir='ltr'>D</span> <span class='ocrx_word' id='word_1_8' title='bbox 687 430 744 493; x_wconf 90' lang='lat' dir='ltr'>E</span> <span class='ocrx_word' id='word_1_9' title='bbox 782 429 848 494; x_wconf 87' lang='lat' dir='ltr'>C</span> <span class='ocrx_word' id='word_1_10' title='bbox 881 432 941 493; x_wconf 91' lang='lat' dir='ltr'>R</span> <span class='ocrx_word' id='word_1_11' title='bbox 977 431 1034 493; x_wconf 89' lang='lat' dir='ltr'><strong>E</strong></span> <span class='ocrx_word' id='word_1_12' title='bbox 1074 432 1138 495; x_wconf 89' lang='lat' dir='ltr'>T</span> <span class='ocrx_word' id='word_1_13' title='bbox 1177 433 1241 495; x_wconf 82' lang='lat' dir='ltr'><strong>A</strong></span> 
     </span>
     <span class='ocr_line' id='line_1_4' title="bbox 283 542 1865 630; baseline 0 -30"><span class='ocrx_word' id='word_1_14' title='bbox 283 545 982 602; x_wconf 77' lang='lat' dir='ltr'>S.CONGREGAT10NIS</span> <span class='ocrx_word' id='word_1_15' title='bbox 1008 548 1547 630; x_wconf 80' lang='lat' dir='ltr'>EPISCOPORUM‚</span> <span class='ocrx_word' id='word_1_16' title='bbox 1785 567 1798 600; x_wconf 73' lang='lat' dir='ltr'>t</span> <span class='ocrx_word' id='word_1_17' title='bbox 1856 542 1865 545; x_wconf 49' lang='lat'><em>⁴</em></span> 
     </span>
    </p>
   </div>
   <div class='ocr_carea' id='block_1_3' title="bbox 249 646 1801 801">
    <p class='ocr_par' dir='ltr' id='par_1_3' title="bbox 249 646 1801 801">
     <span class='ocr_line' id='line_1_5' title="bbox 660 646 1790 702; baseline -0.002 -23"><span class='ocrx_word' id='word_1_18' title='bbox 660 646 1150 680; x_wconf 78' lang='lat' dir='ltr'><em>DEMANDATO</em></span> <span class='ocrx_word' id='word_1_19' title='bbox 1784 677 1790 702; x_wconf 31' lang='grc' dir='ltr'>ς</span> 
     </span>
     <span class='ocr_line' id='line_1_6' title="bbox 249 720 1801 801; baseline 0.007 -22"><span class='ocrx_word' id='word_1_20' title='bbox 249 720 1296 787; x_wconf 85' lang='lat' dir='ltr'><strong>CLEMENTISPAPAE</strong></span> <span class='ocrx_word' id='word_1_21' title='bbox 1349 724 1563 801; x_wconf 72' lang='lat' dir='ltr'>VIII.</span> <span class='ocrx_word' id='word_1_22' title='bbox 1773 747 1801 790; x_wconf 78' lang='lat' dir='ltr'>e</span> 
     </span>
    </p>
   </div>
   <div class='ocr_carea' id='block_1_4' title="bbox 392 839 1424 1126">
    <p class='ocr_par' dir='ltr' id='par_1_4' title="bbox 392 839 1424 1126">
     <span class='ocr_line' id='line_1_7' title="bbox 702 839 1117 888; baseline 0.005 -4"><span class='ocrx_word' id='word_1_23' title='bbox 702 839 795 887; x_wconf 81' lang='lat' dir='ltr'>lata</span> <span class='ocrx_word' id='word_1_24' title='bbox 815 839 947 886; x_wconf 84' lang='lat' dir='ltr'>Anno</span> <span class='ocrx_word' id='word_1_25' title='bbox 971 845 1117 888; x_wconf 83' lang='lat'>1600.</span> 
     </span>
     <span class='ocr_line' id='line_1_8' title="bbox 392 946 1424 1017; baseline 0.001 -19"><span class='ocrx_word' id='word_1_26' title='bbox 392 946 543 1000; x_wconf 76' lang='lat' dir='ltr'>Circa</span> <span class='ocrx_word' id='word_1_27' title='bbox 559 947 940 1017; x_wconf 85' lang='lat' dir='ltr'>Appellationes</span> <span class='ocrx_word' id='word_1_28' title='bbox 960 984 978 1009; x_wconf 88' lang='lat'>,</span> <span class='ocrx_word' id='word_1_29' title='bbox 998 952 1048 1000; x_wconf 64' lang='grc' dir='ltr'>ὅ(</span> <span class='ocrx_word' id='word_1_30' title='bbox 1064 948 1392 1003; x_wconf 86' lang='lat' dir='ltr'>Inhibitiones</span> <span class='ocrx_word' id='word_1_31' title='bbox 1412 987 1424 999; x_wconf 85' lang='lat'><strong>.</strong></span> 
     </span>
     <span class='ocr_line' id='line_1_9' title="bbox 581 1076 1252 1126; baseline 0.001 -10"><span class='ocrx_word' id='word_1_32' title='bbox 581 1079 659 1116; x_wconf 83' lang='lat' dir='ltr'>Cit.</span> <span class='ocrx_word' id='word_1_33' title='bbox 686 1078 761 1115; x_wconf 79' lang='lat' dir='ltr'>Tit.</span> <span class='ocrx_word' id='word_1_34' title='bbox 779 1077 897 1115; x_wconf 82' lang='lat' dir='ltr'><em>XIV.</em></span> <span class='ocrx_word' id='word_1_35' title='bbox 923 1076 1013 1124; x_wconf 85' lang='lat' dir='ltr'><em>Cap.</em></span> <span class='ocrx_word' id='word_1_36' title='bbox 1031 1077 1064 1114; x_wconf 91' lang='grc' dir='ltr'>Ι.</span> <span class='ocrx_word' id='word_1_37' title='bbox 1088 1087 1174 1126; x_wconf 80' lang='lat' dir='ltr'>pag.</span> <span class='ocrx_word' id='word_1_38' title='bbox 1188 1082 1252 1126; x_wconf 85' lang='lat'>46.</span> 
     </span>
    </p>
   </div>
   <div class='ocr_carea' id='block_1_5' title="bbox 247 1186 1815 2477">
    <p class='ocr_par' dir='ltr' id='par_1_5' title="bbox 394 1186 1815 1341">
     <span class='ocr_line' id='line_1_10' title="bbox 394 1186 1815 1236; baseline 0.001 -10"><span class='ocrx_word' id='word_1_39' title='bbox 394 1188 432 1226; x_wconf 93' lang='lat' dir='ltr'>D</span> <span class='ocrx_word' id='word_1_40' title='bbox 459 1186 652 1226; x_wconf 86' lang='lat' dir='ltr'>tollendas</span> <span class='ocrx_word' id='word_1_41' title='bbox 666 1187 942 1236; x_wconf 78' lang='lat' dir='ltr'>ambiguitates</span> <span class='ocrx_word' id='word_1_42' title='bbox 960 1212 972 1231; x_wconf 92' lang='lat'><strong>‚</strong></span> <span class='ocrx_word' id='word_1_43' title='bbox 988 1187 1026 1225; x_wconf 61' lang='grc' dir='ltr'>δέ</span> <span class='ocrx_word' id='word_1_44' title='bbox 1044 1190 1326 1229; x_wconf 84' lang='lat' dir='ltr'>controverfias</span> <span class='ocrx_word' id='word_1_45' title='bbox 1340 1188 1570 1235; x_wconf 65' lang='lat' dir='ltr'>iurisdietio-</span> <span class='ocrx_word' id='word_1_46' title='bbox 1597 1199 1653 1233; x_wconf 68' lang='lat' dir='ltr'>Ad</span> <span class='ocrx_word' id='word_1_47' title='bbox 1676 1202 1741 1234; x_wconf 68' lang='lat' dir='ltr'><em>m</em></span> <span class='ocrx_word' id='word_1_48' title='bbox 1769 1205 1815 1234; x_wconf 78' lang='lat' dir='ltr'>De</span> 
     </span>
     <span class='ocr_line' id='line_1_11' title="bbox 421 1237 1815 1291; baseline -0.001 -15"><span class='ocrx_word' id='word_1_49' title='bbox 421 1240 550 1284; x_wconf 84' lang='lat' dir='ltr'>nales,</span> <span class='ocrx_word' id='word_1_50' title='bbox 575 1250 653 1288; x_wconf 80' lang='lat' dir='ltr'>quae</span> <span class='ocrx_word' id='word_1_51' title='bbox 676 1240 778 1276; x_wconf 89' lang='lat' dir='ltr'>inter</span> <span class='ocrx_word' id='word_1_52' title='bbox 806 1237 1111 1287; x_wconf 82' lang='lat' dir='ltr'><strong>appellationum</strong></span> <span class='ocrx_word' id='word_1_53' title='bbox 1129 1267 1140 1285; x_wconf 92' lang='lat'>,</span> <span class='ocrx_word' id='word_1_54' title='bbox 1172 1240 1363 1291; x_wconf 81' lang='lat' dir='ltr'>&amp;prioris</span> <span class='ocrx_word' id='word_1_55' title='bbox 1381 1240 1569 1280; x_wconf 79' lang='lat' dir='ltr'>instantiae</span> <span class='ocrx_word' id='word_1_56' title='bbox 1597 1245 1815 1285; x_wconf 64' lang='lat' dir='ltr'>Appellatian.</span> 
     </span>
     <span class='ocr_line' id='line_1_12' title="bbox 418 1288 1569 1341; baseline 0.002 -13"><span class='ocrx_word' id='word_1_57' title='bbox 418 1288 576 1340; x_wconf 83' lang='lat' dir='ltr'>Judices</span> <span class='ocrx_word' id='word_1_58' title='bbox 589 1317 600 1335; x_wconf 93' lang='lat'>,</span> <span class='ocrx_word' id='word_1_59' title='bbox 629 1302 705 1329; x_wconf 89' lang='lat' dir='ltr'>non</span> <span class='ocrx_word' id='word_1_60' title='bbox 724 1291 799 1327; x_wconf 88' lang='lat' dir='ltr'>fine</span> <span class='ocrx_word' id='word_1_61' title='bbox 816 1290 990 1341; x_wconf 71' lang='lat' dir='ltr'>Partium</span> <span class='ocrx_word' id='word_1_62' title='bbox 1007 1288 1209 1339; x_wconf 88' lang='lat' dir='ltr'>dispendio</span> <span class='ocrx_word' id='word_1_63' title='bbox 1223 1319 1235 1339; x_wconf 90' lang='lat'>‚</span> <span class='ocrx_word' id='word_1_64' title='bbox 1252 1291 1450 1341; x_wconf 88' lang='lat' dir='ltr'>cursusque</span> <span class='ocrx_word' id='word_1_65' title='bbox 1463 1290 1569 1337; x_wconf 78' lang='lat' dir='ltr'>justi-</span> 
     </span>
    </p>

    <p class='ocr_par' dir='ltr' id='par_1_6' title="bbox 247 1340 1573 1645">
     <span class='ocr_line' id='line_1_13' title="bbox 250 1340 1573 1392; baseline 0.002 -14"><span class='ocrx_word' id='word_1_66' title='bbox 250 1340 311 1378; x_wconf 83' lang='lat' dir='ltr'>tiae</span> <span class='ocrx_word' id='word_1_67' title='bbox 329 1340 609 1392; x_wconf 83' lang='lat' dir='ltr'>impedimento</span> <span class='ocrx_word' id='word_1_68' title='bbox 623 1368 634 1386; x_wconf 92' lang='lat'>,</span> <span class='ocrx_word' id='word_1_69' title='bbox 652 1342 690 1381; x_wconf 62' lang='grc' dir='ltr'>ὃς</span> <span class='ocrx_word' id='word_1_70' title='bbox 703 1341 792 1392; x_wconf 81' lang='lat' dir='ltr'><strong>saepe</strong></span> <span class='ocrx_word' id='word_1_71' title='bbox 808 1353 898 1379; x_wconf 89' lang='lat' dir='ltr'>curn</span> <span class='ocrx_word' id='word_1_72' title='bbox 911 1340 1092 1380; x_wconf 83' lang='lat' dir='ltr'>scandalo</span> <span class='ocrx_word' id='word_1_73' title='bbox 1107 1342 1311 1388; x_wconf 89' lang='lat' dir='ltr'>oriuntur,</span> <span class='ocrx_word' id='word_1_74' title='bbox 1335 1343 1449 1381; x_wconf 87' lang='lat' dir='ltr'>Sacra</span> <span class='ocrx_word' id='word_1_75' title='bbox 1460 1343 1573 1382; x_wconf 86' lang='lat' dir='ltr'>Con-</span> 
     </span>
     <span class='ocr_line' id='line_1_14' title="bbox 251 1388 1572 1444; baseline 0.004 -16"><span class='ocrx_word' id='word_1_76' title='bbox 251 1388 598 1441; x_wconf 71' lang='lat' dir='ltr'>gregatfo;³Caufis</span> <span class='ocrx_word' id='word_1_77' title='bbox 616 1394 886 1443; x_wconf 83' lang='lat' dir='ltr'>Episcoporum</span> <span class='ocrx_word' id='word_1_78' title='bbox 903 1394 1095 1442; x_wconf 69' lang='lat' dir='ltr'>praeposita</span> <span class='ocrx_word' id='word_1_79' title='bbox 1111 1421 1122 1439; x_wconf 92' lang='lat'>‚</span> <span class='ocrx_word' id='word_1_80' title='bbox 1150 1395 1253 1434; x_wconf 57' lang='lat' dir='ltr'>faeta</span> <span class='ocrx_word' id='word_1_81' title='bbox 1266 1395 1368 1444; x_wconf 79' lang='lat' dir='ltr'>prius</span> <span class='ocrx_word' id='word_1_82' title='bbox 1384 1394 1572 1433; x_wconf 79' lang='lat' dir='ltr'>relatione</span> 
     </span>
     <span class='ocr_line' id='line_1_15' title="bbox 247 1443 1573 1494; baseline 0.003 -14"><span class='ocrx_word' id='word_1_83' title='bbox 247 1443 314 1481; x_wconf 89' lang='lat' dir='ltr'>SS.</span> <span class='ocrx_word' id='word_1_84' title='bbox 331 1443 380 1482; x_wconf 94' lang='lat' dir='ltr'>D.</span> <span class='ocrx_word' id='word_1_85' title='bbox 398 1445 448 1483; x_wconf 91' lang='lat' dir='ltr'>N.</span> <span class='ocrx_word' id='word_1_86' title='bbox 468 1445 669 1484; x_wconf 87' lang='lat' dir='ltr'>Clementi</span> <span class='ocrx_word' id='word_1_87' title='bbox 692 1445 802 1494; x_wconf 81' lang='lat' dir='ltr'>Papae</span> <span class='ocrx_word' id='word_1_88' title='bbox 821 1443 926 1482; x_wconf 86' lang='lat' dir='ltr'><strong>VIII.</strong></span> <span class='ocrx_word' id='word_1_89' title='bbox 943 1472 954 1489; x_wconf 93' lang='lat'>‚</span> <span class='ocrx_word' id='word_1_90' title='bbox 983 1456 1027 1482; x_wconf 91' lang='lat' dir='ltr'>ac</span> <span class='ocrx_word' id='word_1_91' title='bbox 1054 1445 1101 1483; x_wconf 89' lang='lat' dir='ltr'>de</span> <span class='ocrx_word' id='word_1_92' title='bbox 1118 1445 1345 1484; x_wconf 63' lang='lat' dir='ltr'>Sanc‘titatis</span> <span class='ocrx_word' id='word_1_93' title='bbox 1365 1445 1446 1484; x_wconf 83' lang='lat' dir='ltr'>Suae</span> <span class='ocrx_word' id='word_1_94' title='bbox 1461 1457 1573 1484; x_wconf 87' lang='lat' dir='ltr'>man-</span> 
     </span>
     <span class='ocr_line' id='line_1_16' title="bbox 252 1494 1573 1546; baseline 0.002 -14"><span class='ocrx_word' id='word_1_95' title='bbox 252 1494 465 1539; x_wconf 53' lang='lat' dir='ltr'>datosvivae</span> <span class='ocrx_word' id='word_1_96' title='bbox 481 1498 584 1535; x_wconf 86' lang='lat' dir='ltr'>vocis</span> <span class='ocrx_word' id='word_1_97' title='bbox 599 1497 759 1535; x_wconf 84' lang='lat' dir='ltr'>oraculo</span> <span class='ocrx_word' id='word_1_98' title='bbox 788 1496 943 1544; x_wconf 81' lang='lat' dir='ltr'>desuper</span> <span class='ocrx_word' id='word_1_99' title='bbox 957 1494 1091 1534; x_wconf 86' lang='lat' dir='ltr'>habito</span> <span class='ocrx_word' id='word_1_100' title='bbox 1108 1523 1119 1543; x_wconf 94' lang='lat'>,</span> <span class='ocrx_word' id='word_1_101' title='bbox 1148 1495 1187 1536; x_wconf 91' lang='lat' dir='ltr'>in</span> <span class='ocrx_word' id='word_1_102' title='bbox 1202 1499 1301 1536; x_wconf 86' lang='lat' dir='ltr'>hunc</span> <span class='ocrx_word' id='word_1_103' title='bbox 1328 1497 1391 1546; x_wconf 85' lang='lat' dir='ltr'>qui</span> <span class='ocrx_word' id='word_1_104' title='bbox 1405 1497 1573 1544; x_wconf 78' lang='lat' dir='ltr'>sequitur</span> 
     </span>
     <span class='ocr_line' id='line_1_17' title="bbox 253 1546 1573 1599; baseline 0.001 -14"><span class='ocrx_word' id='word_1_105' title='bbox 253 1546 412 1586; x_wconf 78' lang='lat' dir='ltr'>modum</span> <span class='ocrx_word' id='word_1_106' title='bbox 443 1548 490 1585; x_wconf 87' lang='lat' dir='ltr'>ab</span> <span class='ocrx_word' id='word_1_107' title='bbox 517 1549 696 1587; x_wconf 90' lang='lat' dir='ltr'>omnibus</span> <span class='ocrx_word' id='word_1_108' title='bbox 713 1576 725 1593; x_wconf 92' lang='lat'>,</span> <span class='ocrx_word' id='word_1_109' title='bbox 747 1547 796 1586; x_wconf 85' lang='lat' dir='ltr'>ad</span> <span class='ocrx_word' id='word_1_110' title='bbox 815 1559 909 1598; x_wconf 88' lang='lat' dir='ltr'>quos</span> <span class='ocrx_word' id='word_1_111' title='bbox 926 1547 1066 1596; x_wconf 65' lang='lat' dir='ltr'>spestat</span> <span class='ocrx_word' id='word_1_112' title='bbox 1081 1575 1093 1595; x_wconf 94' lang='lat'>,</span> <span class='ocrx_word' id='word_1_113' title='bbox 1119 1547 1158 1586; x_wconf 90' lang='lat' dir='ltr'>in</span> <span class='ocrx_word' id='word_1_114' title='bbox 1180 1550 1371 1599; x_wconf 86' lang='lat' dir='ltr'>posterum</span> <span class='ocrx_word' id='word_1_115' title='bbox 1388 1547 1472 1588; x_wconf 87' lang='lat' dir='ltr'>fieri</span> <span class='ocrx_word' id='word_1_116' title='bbox 1487 1576 1498 1595; x_wconf 96' lang='lat'><em>‚</em></span> <span class='ocrx_word' id='word_1_117' title='bbox 1528 1560 1573 1587; x_wconf 87' lang='lat' dir='ltr'>ac</span> 
     </span>
     <span class='ocr_line' id='line_1_18' title="bbox 252 1598 1048 1645; baseline 0.001 -10"><span class='ocrx_word' id='word_1_118' title='bbox 252 1598 388 1638; x_wconf 64' lang='lat' dir='ltr'>servari</span> <span class='ocrx_word' id='word_1_119' title='bbox 403 1599 544 1639; x_wconf 87' lang='lat' dir='ltr'>debere</span> <span class='ocrx_word' id='word_1_120' title='bbox 559 1599 762 1639; x_wconf 83' lang='lat' dir='ltr'>mandavit</span> <span class='ocrx_word' id='word_1_121' title='bbox 776 1627 789 1645; x_wconf 97' lang='lat'>,</span> <span class='ocrx_word' id='word_1_122' title='bbox 808 1599 846 1637; x_wconf 65' lang='lat' dir='ltr'>&amp;L</span> <span class='ocrx_word' id='word_1_123' title='bbox 859 1599 1021 1637; x_wconf 83' lang='lat' dir='ltr'>mandat</span> <span class='ocrx_word' id='word_1_124' title='bbox 1038 1627 1048 1636; x_wconf 89' lang='lat'>.</span> 
     </span>
    </p>

    <p class='ocr_par' dir='ltr' id='par_1_7' title="bbox 251 1646 1576 1805">
     <span class='ocr_line' id='line_1_19' title="bbox 298 1646 1576 1703; baseline 0.002 -16"><span class='ocrx_word' id='word_1_125' title='bbox 298 1650 328 1687; x_wconf 85' lang='grc' dir='ltr'>Ι.</span> <span class='ocrx_word' id='word_1_126' title='bbox 386 1652 687 1699; x_wconf 79' lang='lat' dir='ltr'>Metropolitani</span> <span class='ocrx_word' id='word_1_127' title='bbox 703 1646 1029 1703; x_wconf 83' lang='lat' dir='ltr'>‚&#39;Archiepiscopi</span> <span class='ocrx_word' id='word_1_128' title='bbox 1052 1676 1063 1696; x_wconf 93' lang='lat'>‚</span> <span class='ocrx_word' id='word_1_129' title='bbox 1091 1650 1304 1697; x_wconf 82' lang='lat' dir='ltr'>Primates,</span> <span class='ocrx_word' id='word_1_130' title='bbox 1324 1661 1391 1692; x_wconf 88' lang='lat' dir='ltr'>aut</span> <span class='ocrx_word' id='word_1_131' title='bbox 1405 1652 1576 1691; x_wconf 83' lang='lat' dir='ltr'>Patriar-</span> 
     </span>
     <span class='ocr_line' id='line_1_20' title="bbox 252 1695 1574 1753; baseline 0.002 -14"><span class='ocrx_word' id='word_1_132' title='bbox 252 1702 328 1740; x_wconf 64' lang='lat' dir='ltr'>(hae</span> <span class='ocrx_word' id='word_1_133' title='bbox 351 1702 392 1741; x_wconf 89' lang='lat' dir='ltr'>in</span> <span class='ocrx_word' id='word_1_134' title='bbox 411 1695 679 1753; x_wconf 76' lang='lat' dir='ltr'>Suffraganeos</span> <span class='ocrx_word' id='word_1_135' title='bbox 693 1730 704 1748; x_wconf 96' lang='lat'>,</span> <span class='ocrx_word' id='word_1_136' title='bbox 733 1713 917 1742; x_wconf 89' lang='lat' dir='ltr'>eorumve</span> <span class='ocrx_word' id='word_1_137' title='bbox 932 1702 1114 1743; x_wconf 83' lang='lat' dir='ltr'>Subditos</span> <span class='ocrx_word' id='word_1_138' title='bbox 1130 1715 1207 1742; x_wconf 89' lang='lat' dir='ltr'>non</span> <span class='ocrx_word' id='word_1_139' title='bbox 1219 1705 1396 1751; x_wconf 86' lang='lat' dir='ltr'>judicent</span> <span class='ocrx_word' id='word_1_140' title='bbox 1411 1733 1424 1751; x_wconf 88' lang='lat'>,</span> <span class='ocrx_word' id='word_1_141' title='bbox 1451 1703 1521 1743; x_wconf 87' lang='lat' dir='ltr'>nifi</span> <span class='ocrx_word' id='word_1_142' title='bbox 1536 1704 1574 1741; x_wconf 87' lang='lat' dir='ltr'>in</span> 
     </span>
     <span class='ocr_line' id='line_1_21' title="bbox 251 1753 759 1805; baseline 0.004 -15"><span class='ocrx_word' id='word_1_143' title='bbox 251 1753 397 1794; x_wconf 74' lang='lat' dir='ltr'>casibus</span> <span class='ocrx_word' id='word_1_144' title='bbox 421 1755 442 1794; x_wconf 68' lang='grc' dir='ltr'>ἐι</span> <span class='ocrx_word' id='word_1_145' title='bbox 456 1757 538 1800; x_wconf 83' lang='lat' dir='ltr'>jure</span> <span class='ocrx_word' id='word_1_146' title='bbox 553 1753 731 1805; x_wconf 82' lang='lat' dir='ltr'>expreffis</span> <span class='ocrx_word' id='word_1_147' title='bbox 749 1782 759 1793; x_wconf 85' lang='grc'><strong>.</strong></span> 
     </span>
    </p>

    <p class='ocr_par' dir='ltr' id='par_1_8' title="bbox 248 1804 1578 2167">
     <span class='ocr_line' id='line_1_22' title="bbox 303 1804 1575 1858; baseline 0.004 -16"><span class='ocrx_word' id='word_1_148' title='bbox 303 1804 351 1843; x_wconf 89' lang='grc' dir='ltr'>Π.</span> <span class='ocrx_word' id='word_1_149' title='bbox 408 1806 509 1845; x_wconf 85' lang='lat' dir='ltr'>Item</span> <span class='ocrx_word' id='word_1_150' title='bbox 535 1818 605 1844; x_wconf 89' lang='lat' dir='ltr'>nec</span> <span class='ocrx_word' id='word_1_151' title='bbox 619 1806 683 1843; x_wconf 84' lang='lat' dir='ltr'>alii</span> <span class='ocrx_word' id='word_1_152' title='bbox 702 1804 926 1854; x_wconf 86' lang='lat' dir='ltr'>Superiores</span> <span class='ocrx_word' id='word_1_153' title='bbox 941 1832 952 1849; x_wconf 93' lang='lat'>‚</span> <span class='ocrx_word' id='word_1_154' title='bbox 968 1805 1088 1845; x_wconf 86' lang='lat' dir='ltr'>etiam</span> <span class='ocrx_word' id='word_1_155' title='bbox 1105 1805 1276 1852; x_wconf 90' lang='lat' dir='ltr'>Nuntii,</span> <span class='ocrx_word' id='word_1_156' title='bbox 1299 1807 1361 1847; x_wconf 90' lang='lat' dir='ltr'>vel</span> <span class='ocrx_word' id='word_1_157' title='bbox 1378 1807 1515 1858; x_wconf 80' lang='lat' dir='ltr'>Legati</span> <span class='ocrx_word' id='word_1_158' title='bbox 1528 1808 1575 1847; x_wconf 91' lang='lat' dir='ltr'>de</span> 
     </span>
     <span class='ocr_line' id='line_1_23' title="bbox 252 1856 1574 1905; baseline 0.003 -12"><span class='ocrx_word' id='word_1_159' title='bbox 252 1856 376 1895; x_wconf 86' lang='lat' dir='ltr'>latere</span> <span class='ocrx_word' id='word_1_160' title='bbox 389 1883 400 1900; x_wconf 95' lang='lat'>,</span> <span class='ocrx_word' id='word_1_161' title='bbox 416 1856 632 1905; x_wconf 79' lang='lat' dir='ltr'>specificam</span> <span class='ocrx_word' id='word_1_162' title='bbox 644 1856 872 1894; x_wconf 78' lang='lat' dir='ltr'>facultatem</span> <span class='ocrx_word' id='word_1_163' title='bbox 894 1860 1083 1903; x_wconf 84' lang='lat' dir='ltr'>majorem</span> <span class='ocrx_word' id='word_1_164' title='bbox 1102 1871 1178 1895; x_wconf 90' lang='lat' dir='ltr'>non</span> <span class='ocrx_word' id='word_1_165' title='bbox 1193 1859 1378 1897; x_wconf 83' lang='lat' dir='ltr'><strong>habentes</strong></span> <span class='ocrx_word' id='word_1_166' title='bbox 1394 1887 1405 1905; x_wconf 90' lang='lat'>,</span> <span class='ocrx_word' id='word_1_167' title='bbox 1431 1860 1574 1898; x_wconf 81' lang='lat' dir='ltr'>Causas</span> 
     </span>
     <span class='ocr_line' id='line_1_24' title="bbox 253 1907 1578 1961; baseline 0.004 -17"><span class='ocrx_word' id='word_1_168' title='bbox 253 1907 291 1945; x_wconf 88' lang='lat' dir='ltr'>in</span> <span class='ocrx_word' id='word_1_169' title='bbox 308 1907 437 1947; x_wconf 83' lang='lat' dir='ltr'>Curiis</span> <span class='ocrx_word' id='word_1_170' title='bbox 449 1908 769 1953; x_wconf 77' lang='lat' dir='ltr'>ordinariorum,</span> <span class='ocrx_word' id='word_1_171' title='bbox 784 1908 848 1945; x_wconf 88' lang='lat' dir='ltr'>vel</span> <span class='ocrx_word' id='word_1_172' title='bbox 861 1907 1027 1957; x_wconf 84' lang='lat' dir='ltr'>aliorum</span> <span class='ocrx_word' id='word_1_173' title='bbox 1041 1909 1267 1948; x_wconf 86' lang='lat' dir='ltr'>inferiorum</span> <span class='ocrx_word' id='word_1_174' title='bbox 1283 1911 1466 1961; x_wconf 85' lang='lat' dir='ltr'>Judicum</span> <span class='ocrx_word' id='word_1_175' title='bbox 1481 1924 1578 1960; x_wconf 84' lang='lat' dir='ltr'>pen-</span> 
     </span>
     <span class='ocr_line' id='line_1_25' title="bbox 256 1959 1577 2012; baseline 0.001 -13"><span class='ocrx_word' id='word_1_176' title='bbox 256 1961 404 2006; x_wconf 87' lang='lat' dir='ltr'>dentes,</span> <span class='ocrx_word' id='word_1_177' title='bbox 419 1961 466 1999; x_wconf 84' lang='lat' dir='ltr'>ad</span> <span class='ocrx_word' id='word_1_178' title='bbox 481 1961 517 1999; x_wconf 90' lang='lat' dir='ltr'>se</span> <span class='ocrx_word' id='word_1_179' title='bbox 532 1960 723 1999; x_wconf 84' lang='lat' dir='ltr'><strong>advocent</strong></span> <span class='ocrx_word' id='word_1_180' title='bbox 737 1987 747 2004; x_wconf 97' lang='lat'>,</span> <span class='ocrx_word' id='word_1_181' title='bbox 768 1959 835 1997; x_wconf 79' lang='lat' dir='ltr'>nisi</span> <span class='ocrx_word' id='word_1_182' title='bbox 855 1972 919 2010; x_wconf 89' lang='lat' dir='ltr'>per</span> <span class='ocrx_word' id='word_1_183' title='bbox 933 1961 1036 1999; x_wconf 83' lang='lat' dir='ltr'>viam</span> <span class='ocrx_word' id='word_1_184' title='bbox 1051 1961 1232 2009; x_wconf 65' lang='lat' dir='ltr'>legitimae</span> <span class='ocrx_word' id='word_1_185' title='bbox 1248 1964 1513 2012; x_wconf 76' lang='lat' dir='ltr'>appellationis</span> <span class='ocrx_word' id='word_1_186' title='bbox 1528 1962 1577 2000; x_wconf 77' lang='lat' dir='ltr'>ad</span> 
     </span>
     <span class='ocr_line' id='line_1_26' title="bbox 248 2011 1575 2063; baseline 0.001 -13"><span class='ocrx_word' id='word_1_187' title='bbox 248 2012 413 2062; x_wconf 72' lang='lat' dir='ltr'>iptorum</span> <span class='ocrx_word' id='word_1_188' title='bbox 429 2012 656 2051; x_wconf 85' lang='lat' dir='ltr'>Tribunalia</span> <span class='ocrx_word' id='word_1_189' title='bbox 669 2011 922 2053; x_wconf 84' lang='lat' dir='ltr'>deferantur,-</span> <span class='ocrx_word' id='word_1_190' title='bbox 951 2021 1116 2060; x_wconf 81' lang='lat' dir='ltr'>tuncque</span> <span class='ocrx_word' id='word_1_191' title='bbox 1138 2014 1395 2063; x_wconf 77' lang='lat' dir='ltr'>Appellanth</span> <span class='ocrx_word' id='word_1_192' title='bbox 1411 2015 1457 2053; x_wconf 91' lang='lat' dir='ltr'>ab</span> <span class='ocrx_word' id='word_1_193' title='bbox 1477 2012 1575 2052; x_wconf 80' lang='lat' dir='ltr'>infe-</span> 
     </span>
     <span class='ocr_line' id='line_1_27' title="bbox 259 2063 1576 2111; baseline -0.001 -7"><span class='ocrx_word' id='word_1_194' title='bbox 259 2065 407 2104; x_wconf 85' lang='lat' dir='ltr'>riorum</span> <span class='ocrx_word' id='word_1_195' title='bbox 423 2063 770 2111; x_wconf 61' lang='lat' dir='ltr'>iurisdietionibus,</span> <span class='ocrx_word' id='word_1_196' title='bbox 796 2063 926 2111; x_wconf 85' lang='lat' dir='ltr'>quoad</span> <span class='ocrx_word' id='word_1_197' title='bbox 954 2065 1048 2103; x_wconf 80' lang='lat' dir='ltr'>alias</span> <span class='ocrx_word' id='word_1_198' title='bbox 1064 2064 1232 2110; x_wconf 80' lang='lat' dir='ltr'>Causas,</span> <span class='ocrx_word' id='word_1_199' title='bbox 1257 2065 1429 2106; x_wconf 62' lang='lat' dir='ltr'>eximere</span> <span class='ocrx_word' id='word_1_200' title='bbox 1468 2078 1576 2104; x_wconf 70' lang='lat' dir='ltr'>non„</span> 
     </span>
     <span class='ocr_line' id='line_1_28' title="bbox 257 2116 840 2167; baseline 0.007 -13"><span class='ocrx_word' id='word_1_201' title='bbox 257 2116 395 2167; x_wconf 82' lang='lat' dir='ltr'>poffint</span> <span class='ocrx_word' id='word_1_202' title='bbox 414 2145 424 2155; x_wconf 89' lang='lat'><strong>.</strong></span> <span class='ocrx_word' id='word_1_203' title='bbox 834 2154 840 2158; x_wconf 84' lang='lat'>.</span> 
     </span>
    </p>

    <p class='ocr_par' dir='ltr' id='par_1_9' title="bbox 260 2169 1576 2319">
     <span class='ocr_line' id='line_1_29' title="bbox 304 2169 1576 2221; baseline 0.001 -14"><span class='ocrx_word' id='word_1_204' title='bbox 304 2170 372 2207; x_wconf 90' lang='lat' dir='ltr'><strong>III.</strong></span> <span class='ocrx_word' id='word_1_205' title='bbox 430 2169 727 2219; x_wconf 84' lang='lat' dir='ltr'>Appellationes</span> <span class='ocrx_word' id='word_1_206' title='bbox 747 2181 945 2218; x_wconf 84' lang='lat' dir='ltr'>nunquam</span> <span class='ocrx_word' id='word_1_207' title='bbox 963 2169 1225 2219; x_wconf 79' lang='lat' dir='ltr'>recipiantur,</span> <span class='ocrx_word' id='word_1_208' title='bbox 1251 2170 1319 2209; x_wconf 88' lang='lat' dir='ltr'>nifi</span> <span class='ocrx_word' id='word_1_209' title='bbox 1345 2183 1411 2221; x_wconf 85' lang='lat' dir='ltr'>per</span> <span class='ocrx_word' id='word_1_210' title='bbox 1426 2171 1576 2220; x_wconf 78' lang='lat' dir='ltr'>publica</span> 
     </span>
     <span class='ocr_line' id='line_1_30' title="bbox 260 2220 1576 2272; baseline -0.001 -13"><span class='ocrx_word' id='word_1_211' title='bbox 260 2220 491 2260; x_wconf 62' lang='lat' dir='ltr'>{ocumenta&#39;</span> <span class='ocrx_word' id='word_1_212' title='bbox 505 2250 515 2267; x_wconf 94' lang='lat'>,</span> <span class='ocrx_word' id='word_1_213' title='bbox 530 2234 608 2271; x_wconf 83' lang='lat' dir='ltr'>quae</span> <span class='ocrx_word' id='word_1_214' title='bbox 629 2220 783 2259; x_wconf 75' lang='lat' dir='ltr'>realiter</span> <span class='ocrx_word' id='word_1_215' title='bbox 799 2222 1066 2267; x_wconf 77' lang='lat' dir='ltr'>exhibeantur,</span> <span class='ocrx_word' id='word_1_216' title='bbox 1082 2223 1184 2272; x_wconf 77' lang='lat' dir='ltr'>prius</span> <span class='ocrx_word' id='word_1_217' title='bbox 1201 2223 1429 2267; x_wconf 82' lang='lat' dir='ltr'>constiterit,</span> <span class='ocrx_word' id='word_1_218' title='bbox 1444 2221 1576 2272; x_wconf 83' lang='lat' dir='ltr'>appel-</span> 
     </span>
     <span class='ocr_line' id='line_1_31' title="bbox 262 2272 1576 2319; baseline 0 -8"><span class='ocrx_word' id='word_1_219' title='bbox 262 2274 444 2312; x_wconf 22' lang='lat' dir='ltr'>tationem</span> <span class='ocrx_word' id='word_1_220' title='bbox 476 2276 495 2312; x_wconf 70' lang='grc' dir='ltr'>ἐι</span> <span class='ocrx_word' id='word_1_221' title='bbox 513 2274 702 2312; x_wconf 84' lang='lat' dir='ltr'>sententia</span> <span class='ocrx_word' id='word_1_222' title='bbox 723 2272 927 2313; x_wconf 86' lang='lat' dir='ltr'>definitiva</span> <span class='ocrx_word' id='word_1_223' title='bbox 942 2302 953 2317; x_wconf 92' lang='lat'>‚</span> <span class='ocrx_word' id='word_1_224' title='bbox 981 2275 1043 2313; x_wconf 90' lang='lat' dir='ltr'>vel</span> <span class='ocrx_word' id='word_1_225' title='bbox 1060 2276 1224 2314; x_wconf 83' lang='lat' dir='ltr'>habente</span> <span class='ocrx_word' id='word_1_226' title='bbox 1241 2275 1319 2312; x_wconf 86' lang='lat' dir='ltr'>vim</span> <span class='ocrx_word' id='word_1_227' title='bbox 1337 2273 1548 2312; x_wconf 71' lang='lat' dir='ltr'>definitivae</span> <span class='ocrx_word' id='word_1_228' title='bbox 1562 2300 1576 2319; x_wconf 89' lang='lat'><em>‚</em></span> 
     </span>
    </p>

    <p class='ocr_par' dir='ltr' id='par_1_10' title="bbox 265 2325 1576 2477">
     <span class='ocr_line' id='line_1_32' title="bbox 270 2325 1576 2376; baseline -0.001 -14"><span class='ocrx_word' id='word_1_229' title='bbox 270 2335 326 2363; x_wconf 69' lang='lat' dir='ltr'>{ut</span> <span class='ocrx_word' id='word_1_230' title='bbox 349 2326 370 2364; x_wconf 75' lang='grc' dir='ltr'>ὲ</span> <span class='ocrx_word' id='word_1_231' title='bbox 389 2327 614 2376; x_wconf 77' lang='lat' dir='ltr'>gravamine</span> <span class='ocrx_word' id='word_1_232' title='bbox 632 2353 642 2370; x_wconf 93' lang='lat'><strong>‚</strong></span> <span class='ocrx_word' id='word_1_233' title='bbox 669 2325 773 2375; x_wconf 88' lang='lat' dir='ltr'>quod</span> <span class='ocrx_word' id='word_1_234' title='bbox 801 2339 865 2376; x_wconf 89' lang='lat' dir='ltr'>per</span> <span class='ocrx_word' id='word_1_235' title='bbox 891 2325 1134 2365; x_wconf 84' lang='lat' dir='ltr'>definitivam</span> <span class='ocrx_word' id='word_1_236' title='bbox 1153 2325 1384 2365; x_wconf 82' lang='lat' dir='ltr'>sententiam</span> <span class='ocrx_word' id='word_1_237' title='bbox 1410 2325 1576 2374; x_wconf 72' lang='lat' dir='ltr'>reparari</span> 
     </span>
     <span class='ocr_line' id='line_1_33' title="bbox 265 2376 1576 2470; baseline -0.003 -54"><span class='ocrx_word' id='word_1_238' title='bbox 265 2388 336 2417; x_wconf 67' lang='lat' dir='ltr'>tion</span> <span class='ocrx_word' id='word_1_239' title='bbox 364 2378 501 2429; x_wconf 80' lang='lat' dir='ltr'>poffit,</span> <span class='ocrx_word' id='word_1_240' title='bbox 522 2379 561 2418; x_wconf 89' lang='lat' dir='ltr'>in</span> <span class='ocrx_word' id='word_1_241' title='bbox 579 2378 748 2425; x_wconf 76' lang='lat' dir='ltr'>casibus,</span> <span class='ocrx_word' id='word_1_242' title='bbox 775 2379 796 2419; x_wconf 76' lang='lat' dir='ltr'>a</span> <span class='ocrx_word' id='word_1_243' title='bbox 817 2381 900 2426; x_wconf 88' lang='lat' dir='ltr'>jure</span> <span class='ocrx_word' id='word_1_244' title='bbox 926 2390 1002 2470; x_wconf 58' lang='lat' dir='ltr'>ngn</span> <span class='ocrx_word' id='word_1_245' title='bbox 1020 2377 1249 2428; x_wconf 78' lang='lat' dir='ltr'>prohibitis,</span> <span class='ocrx_word' id='word_1_246' title='bbox 1274 2391 1339 2429; x_wconf 84' lang='lat' dir='ltr'>per</span> <span class='ocrx_word' id='word_1_247' title='bbox 1354 2376 1576 2463; x_wconf 40' lang='lat' dir='ltr'>legitimam</span> 
     </span>
     <span class='ocr_line' id='line_1_34' title="bbox 993 2438 1574 2477; baseline -0.007 -8"><span class='ocrx_word' id='word_1_248' title='bbox 993 2440 1012 2469; x_wconf 90' lang='lat' dir='ltr'>c</span> <span class='ocrx_word' id='word_1_249' title='bbox 1043 2445 1061 2468; x_wconf 86' lang='lat'>2</span> <span class='ocrx_word' id='word_1_250' title='bbox 1447 2438 1510 2477; x_wconf 84' lang='lat' dir='ltr'>per</span> <span class='ocrx_word' id='word_1_251' title='bbox 1528 2438 1574 2463; x_wconf 90' lang='lat'>0-</span> 
     </span>
    </p>
   </div>
  </div>
 </body>
</html>
