2043 2958
599 162 659 191 AD
680 143 966 194 CONCILIUM
984 139 1277 190 Romnum.
1503 156 1596 201 153

280 230 369 260 cum
384 214 567 256 consensu
581 242 592 259 ‚
618 215 731 253 novis
747 216 794 252 de
811 223 940 252 cetero
969 213 1185 261 perturbari
1202 209 1361 250 diffidiis
1376 237 1388 256 ‚
1415 210 1600 260 novisque

282 269 514 321 praegravari
535 266 741 315 dispendiis
760 266 910 315 poffunt
933 276 1022 302 cum
1037 263 1160 303 divini
1176 264 1303 303 cultus
1331 262 1573 303 detrimento
1588 289 1601 308 ,

280 321 514 362 &scandalo
528 319 786 368 plurimorum
806 346 815 356 .

386 373 580 423 Quocirca
604 370 688 408 Nos
718 369 891 407 maxime
916 368 1094 418 expedire
1112 369 1331 413 censentes,
1356 375 1396 406 ut
1412 366 1602 413 ejusmodi

283 424 550 465 controverfiae
566 449 577 467 ,
601 422 640 460 &
666 422 755 460 lites
780 421 828 458 ab
853 421 1023 459 Ecclefia
1037 420 1114 460 Dei
1131 418 1284 469 penitus
1298 429 1526 465 arceantur,
1556 432 1601 458 ac

280 479 432 527 insuper
450 504 461 522 ‚
477 476 566 514 licet
585 473 784 512 universos
799 472 971 512 Ordines
984 471 1193 522 Regulares
1207 500 1217 518 ,
1233 473 1271 511 in
1287 473 1424 521 quibus
1439 499 1450 517 ,
1464 484 1602 522 nempe

280 529 319 569 in
340 529 490 569 Ordine
508 527 689 566 Fratrum
704 525 1004 564 Praedicatorum
1020 553 1030 571 ,
1045 525 1130 563 Nos
1145 525 1212 574 ipfi
1229 524 1396 574 plurium
1411 536 1602 563 annorum

281 583 403 632 spatio
420 578 558 620 versati
576 578 702 616 sumus
719 606 729 624 ,
755 577 910 627 speciali
924 585 1090 623 paternae
1104 576 1307 616 charitatis
1325 576 1462 615 affestu
1480 575 1605 624 prose·-

284 646 473 682 quarnur‚
502 630 638 678 eosque
654 656 664 674 ‚
694 629 750 668 uti
771 629 818 667 de
832 628 1001 667 Ecclesia
1019 655 1031 674 ,
1057 628 1265 668 Catholica
1279 627 1372 667 Fide
1392 656 1402 673 ,
1429 628 1603 668 &Sede-1

281 683 513 734 Apostolica
545 682 694 730 optime
717 682 878 720 meritos
904 680 1090 729 praecipuo
1118 681 1264 730 semper
1291 681 1329 718 in
1358 683 1531 725 honore,
1557 692 1602 719 ac

286 737 414 787 pretio
431 763 441 780 ,
466 731 714 772 habuerimus
728 759 740 777 ‚
766 731 803 768 δε
822 733 1031 770 habeamus
1045 747 1060 772 ,-
1089 731 1344 771 nihilominus
1359 731 1602 769 consideran-

282 798 341 827 tes
357 785 646 834 exemptionem
664 795 685 821 a
703 783 892 820 solutione
905 782 1064 830 Qartae
1075 782 1285 827 Funeralis,
1299 782 1464 831 praefatiS
1480 782 1601 821 Ordi-

283 841 396 878 nibus
411 851 432 877 a
445 837 546 876 dicta
562 833 791 884 Apostolica
805 833 901 871 Sede
921 831 1273 879 concessam,modo
1285 845 1445 883 vergere
1456 833 1495 872 in
1510 847 1601 874 ma-

288 892 437 929 ximum
456 890 716 927 Parochorum
749 884 1006 934 praejudicium
1031 892 1116 923 tum
1132 894 1285 935 propter
1300 884 1599 935 multiplicatio-

286 954 376 981 nem
394 941 671 980 Conventuum
687 964 698 981 ‚
711 937 749 974 δέ
763 936 1090 974 Monasteriorum
1103 937 1365 985 Regularium,
1377 945 1460 976 tum
1476 938 1598 978 etiam

286 1001 440 1042 propter
460 991 611 1029 auctam
637 988 888 1027 devotionem
901 1014 912 1031 ,
942 985 979 1023 ἃ
997 987 1315 1026 consuetudinem
1334 989 1523 1028 Fidelium
1538 989 1598 1029 se-

285 1045 480 1093 pulturam
510 1038 679 1092 eligendi
706 1041 746 1078 in
770 1038 945 1077 Ecclefiis
967 1039 1234 1085 praedictorum
1250 1039 1525 1089 Regulariurm
1551 1053 1596 1080 ac

288 1095 447 1145 ptoinde
475 1104 553 1130 non
586 1091 705 1128 modo
730 1090 1026 1129 consentaneum
1043 1117 1054 1132 ‚
1084 1090 1147 1128 sed
1175 1092 1294 1129 etiam
1321 1090 1596 1132 necessarium,

289 1147 521 1185 arbitrantes
537 1169 548 1186 ,
575 1151 616 1179 ut
642 1141 870 1179 eorumdem
897 1140 1181 1187 Parochorum‚
1210 1142 1343 1191 quibus
1370 1145 1595 1193 ceteroquin

288 1197 391 1236 Sacri
406 1197 586 1236 Canones
602 1221 613 1238 ,
634 1193 671 1232 &
688 1193 802 1242 prisca
820 1192 993 1230 Ecclefiae
1015 1190 1215 1241 disciplina
1231 1195 1361 1243 aperte
1382 1194 1595 1247 suffragan-

290 1258 351 1288 tur
364 1277 375 1294 ,
402 1245 647 1285 indemnitati
664 1244 881 1294 opportune
895 1243 1109 1282 consulatur
1123 1272 1133 1289 ‚
1158 1245 1195 1284 δι’.
1212 1245 1407 1284 antedic‘ta
1422 1249 1595 1296 Aposto-

290 1301 365 1339 lica
388 1298 594 1349 Privilegia
620 1296 668 1335 acl
692 1295 880 1346 aequitatis
902 1296 1045 1334 limites
1070 1297 1324 1336 reducantur:
1355 1298 1458 1337 Hinc
1474 1299 1595 1350 igitur

287 1354 339 1391 est
353 1379 364 1397 ,
379 1350 481 1401 quod
495 1350 576 1388 Nos
591 1349 724 1386 omnia
738 1376 750 1394 ,
772 1351 810 1387 ’ά
822 1348 965 1390 ίῑηειιὶει
985 1356 1205 1386 memorata
1224 1349 1432 1397 Privilegia
1460 1362 1594 1388 exem-

286 1405 393 1453 priva
411 1414 431 1440 a
448 1402 633 1439 solutione
648 1400 804 1447 Quartae
821 1398 1015 1438 Funeralis
1031 1399 1222 1447 quibusvis
1238 1400 1467 1446 Ordinibus,
1484 1403 1594 1441 Con-

283 1454 577 1505 gregationibus
589 1480 601 1498 ,
624 1464 666 1490 ac
681 1449 872 1490 Institutis
889 1451 1141 1502 Regularibus
1166 1452 1213 1488 ab
1229 1451 1454 1501 Apostolica
1469 1454 1563 1493 Sede
1577 1482 1590 1500 ‚

280 1516 325 1544 ut
345 1505 536 1555 praefertur
550 1531 561 1550 ,
587 1504 932 1553 quandocumque,
963 1502 999 1541 ἃ
1014 1505 1374 1553 quomodocumque
1389 1504 1592 1544 comella-,-

284 1557 527 1607 praesentibus
542 1569 611 1606 pro
623 1557 732 1606 plene
744 1584 755 1601 ,
779 1557 816 1595 ὅ(
829 1554 1057 1594 iufficienter
1070 1556 1246 1605 expressis
1262 1556 1447 1595 habentes
1462 1585 1471 1601 ,
1486 1569 1529 1594 ac
1541 1558 1591 1596 de

282 1621 417 1647 eorum
441 1618 575 1647 tenore
591 1636 602 1653 ‚
628 1607 665 1645 ἃ,
681 1608 882 1647 substantia
913 1607 998 1646 satis
1015 1608 1195 1658 superque
1217 1609 1406 1653 instructi,
1427 1608 1590 1649 deuon-

282 1661 477 1698 nullorum
508 1661 799 1699 venerabilium
829 1659 1004 1697 Fratrum
1021 1660 1251 1698 Nostrorum
1277 1661 1312 1697 S.
1327 1660 1371 1699 R.
1391 1661 1431 1698 E.
1450 1662 1590 1701 Cardi-

281 1712 445 1756 nalium,
463 1711 499 1748 Sc
517 1712 664 1758 aliquot
681 1712 801 1748 etiam
817 1710 996 1748 Romanae
1010 1710 1133 1749 Curiae
1149 1711 1415 1757 Praelatorum,
1427 1724 1449 1751 a
1462 1711 1587 1751 Nobis

280 1761 383 1811 ad[id
407 1761 620 1811 specialiter
632 1762 903 1810 deputatorum
919 1788 930 1805 ,
954 1763 1138 1806 consilio,
1166 1763 1413 1801 suadentibus
1440 1765 1588 1802 etiarm,

280 1815 488 1864 Episcopis,
507 1813 543 1852 ὅ(
556 1814 640 1851 aliis
656 1813 908 1852 Ecclefiarum
928 1812 1149 1858 Praelatis,in
1166 1813 1331 1862 praesenti
1348 1815 1463 1852 Sacro
1476 1815 1586 1854 Con-

283 1868 373 1905 cilio
387 1865 634 1916 cougregatis
652 1892 663 1910 ‚
681 1877 722 1902 ac
739 1863 890 1913 insuper
906 1874 1015 1903 motu
1032 1867 1199 1914 proprio,
1220 1876 1264 1903 ex
1277 1874 1385 1904 certa
1400 1866 1556 1905 scientia
1570 1895 1584 1913 ‚

279 1931 324 1957 ac
347 1928 499 1956 matura
513 1917 792 1954 deliberatione
805 1916 975 1960 Nostris,
998 1916 1119 1966 deque
1130 1915 1358 1964 Apostolicae
1382 1920 1582 1967 potestatis

275 1970 512 2020 plenitudine
530 1995 539 2013 ,
556 1971 626 2006 hac
641 1968 775 2006 Nostra
790 1973 971 2017 perpetuo
983 1969 1150 2007 valitura
1165 1968 1454 2007 Constitutione
1467 1998 1477 2015 ,
1491 1983 1583 2019 prac-

274 2019 384 2060 miffa
407 2023 535 2058 omnia
558 2020 764 2068 privilegia
789 2019 914 2068 quoad
937 2019 1131 2070 Q‘artam
1149 2020 1376 2059 Funeralem
1399 2024 1581 2061 tantum„

273 2084 342 2121 pro
355 2070 450 2112 locis
465 2072 562 2109 intra
575 2071 829 2120 exprimendis
840 2072 1087 2110 moderamur
1101 2100 1113 2118 ,
1127 2072 1397 2118 reformamus,
1410 2073 1458 2111 ad
1473 2071 1581 2113 viam

270 2125 366 2170 juris
391 2124 608 2163 reducimus
621 2151 632 2168 ,
649 2122 702 2168 δέ,
717 2133 904 2172 quatenus
919 2135 1010 2173 opus
1023 2125 1094 2170 fit,
1120 2125 1237 2163 etiam
1264 2136 1514 2170 revocamu8‚
1540 2126 1580 2164 &c

272 2176 508 2266 labroffiamus
522 2203 533 2219 ,
550 2187 671 2224 neque
686 2176 864 2225 cuiquam
886 2175 1062 2226 deinceps
1084 2175 1277 2226 suffragari
1293 2178 1416 2226 pofle,
1433 2176 1494 2215 vel
1510 2176 1579 2214 de-

299 2240 361 2267 cre
405 2239 618 2266 ecernimus
635 2255 644 2264 .

370 2280 556 2320 Praeterea
569 2286 680 2319 motu
693 2304 706 2325 ‚
718 2278 878 2320 scientia
892 2296 908 2328 ,’
920 2279 957 2319 ὅ(
971 2280 1169 2330 potestatis
1183 2281 1423 2332 plenitudine
1436 2280 1550 2370 fimbli
1560 2302 1576 2311 -

1530 2344 1573 2372 us

1672 401 1912 443 Regula-ium„

1630 442 1811 483 privilegia,
1825 442 1912 484 super

1630 487 1839 525 exemptione
1860 495 1913 517 ἃ..

1631 527 1757 567 Qttae
1771 529 1913 558 Funera-

1632 568 1671 598 lis
1686 567 1912 605 solutionem}-

1630 611 1813 641 formantur
1831 633 1842 647 ,
1878 612 1912 642 δε

1632 653 1673 683 ad
1708 655 1795 684 viam
1831 653 1910 692 Juris

1630 694 1827 727 reducuntur
1842 716 1850 726 .
