2043 2958
510 228 812 282 Tmunus
866 225 1138 280 XXXII.
1391 243 1479 274 111

173 301 322 351 claras
342 301 566 353 dabimus
584 307 638 351 in
656 302 804 352 nostri
821 300 965 362 hujus
987 296 1207 350 Concilii
1227 293 1321 343 fine
1342 329 1353 339 .
1380 295 1485 346 Ce-

171 376 334 422 teriun
353 374 594 424 Parochos
631 393 800 424 omnes
832 373 1146 423 admonemus
1169 404 1186 426 ,
1226 383 1277 415 ut
1308 370 1360 414 in
1386 366 1484 415 illis

174 444 468 494 instruendis
507 445 667 496 sedulfi
695 449 960 497 attentione
988 458 1185 493 utantur
1206 475 1222 497 2
1256 457 1314 487 ne
1331 474 1347 496 2
1380 456 1488 505 Psa-

169 519 281 565 xim
315 535 391 566 eos
409 533 604 585 peccata
634 518 899 568 confitendi
913 519 1166 569 edocentes
1188 548 1202 569 ,
1241 512 1359 560 dum
1377 527 1489 577 erga

169 585 359 636 bonum
376 625 391 646 ,
424 589 554 657 quod
592 588 711 640 scire
731 590 908 640 debent
929 628 945 650 ,
972 604 1188 640 amorem
1217 581 1453 631 instillant
1474 616 1491 638 ,

170 658 290 707 mali
310 696 325 717 ,
364 661 494 730 quod
513 660 733 712 nesciunt
746 698 763 722 ,
793 661 875 712 vel
893 664 1154 712 minimam
1171 653 1341 706 indant
1359 655 1494 722 agni-

176 743 363 781 tionem
384 768 393 780 .

635 852 860 902 CAP.
938 851 1042 901 IV.

171 963 520 1017 Poenitentiariae
535 968 771 1018 Praebenda
789 973 835 1017 in
851 965 1192 1018 Cathedralibus
1209 959 1489 1009 instituatur.

417 1039 753 1087 Poenicentiarii
773 1058 924 1086 munus
955 1038 1208 1085 offenditur
1230 1065 1242 1077 ·

344 1151 437 1203 Uae
454 1155 568 1204 alios
594 1154 687 1202 hoc
707 1158 758 1200 in
776 1155 948 1201 eodem
966 1153 1198 1203 Concilio
1217 1154 1231 1173 ²
1249 1145 1358 1196 sunt
1378 1165 1493 1196 0011-
1512 1193 1552 1223 su
1578 1151 1688 1222 rafim
1714 1198 1728 1223 ι

345 1222 526 1274 ¹stituta
551 1224 610 1273 de
626 1222 899 1272 adhibenda
930 1222 991 1272 ab
1008 1221 1259 1289 Episcopis
1280 1217 1490 1285 diligen-
1511 1197 1629 1282 casss»
1689 1212 1698 1222 ⁰
1736 1210 1746 1222 ⁹

383 1298 449 1342 tia
481 1314 571 1364 pro
598 1293 916 1363 Theologalis
939 1292 1215 1343 Praebendae
1248 1287 1490 1336 erestione

166 1366 220 1413 in
238 1363 333 1413 suis
357 1364 739 1416 Cathedraiibus
754 1401 771 1423 ‚
806 1364 946 1433 super
966 1362 1145 1433 quibus
1166 1364 1215 1414 &
1231 1357 1491 1426 specialem

166 1448 282 1485 tunc
301 1441 537 1503 temporis
557 1437 978 1488 Constitutionem
1005 1434 1217 1483 nostram
1235 1427 1492 1496 evulgavi-

160 1524 269 1554 mus
296 1543 313 1564 ,
350 1507 519 1555 eadem
538 1513 685 1557 etiam
707 1506 765 1555 ab
786 1506 894 1574 ipfis
914 1510 965 1555 in
983 1502 1338 1573 praenecessaria
1357 1534 1373 1558 ,
1402 1499 1490 1549 ubi

162 1577 320 1625 eresta
356 1595 455 1625 non
487 1577 540 1625 fit
559 1614 574 1636 ‚
619 1578 1006 1628 Poenitentiariae
1043 1575 1346 1623 institutione
1375 1605 1391 1627 ,
1430 1570 1488 1618 ad
1611 1609 1634 1644 b

164 1646 449 1698 Tridentini
467 1647 689 1698 Concilii
707 1648 723 1672 ²³
743 1681 761 1704 ‚
796 1648 845 1697 ὃς
875 1645 1018 1714 ipsius
1047 1644 1216 1693 nostrae
1236 1640 1488 1693 Constitu·
1509 1653 1748 1702 Seffi24.‹lercf.

161 1721 309 1766 tionis
329 1717 671 1786 praescriptum
689 1756 706 1778 ‚
735 1715 983 1766 observari
998 1715 1229 1766 volumus
1245 1749 1260 1771 ‚
1276 1731 1328 1761 ac
1349 1730 1486 1759 man·
1507 1705 1627 1749 cap.8.

161 1788 329 1836 damus
350 1825 361 1835 .
397 1789 499 1853 Qi
517 1793 582 1838 ita
611 1794 733 1839 vero
752 1787 1153 1837 Poenitentiarius
1174 1783 1320 1833 fuerit
1349 1782 1485 1830 insti-

164 1873 297 1906 tutus
316 1895 333 1916 ‚
361 1858 488 1907 statis
524 1858 624 1926 ipse
648 1860 817 1910 diebus
835 1896 850 1917 ,
887 1860 936 1909 &
954 1859 1088 1907 horis
1121 1860 1174 1906 in
1191 1852 1481 1904 Cathedrali

165 1928 372 1978 Ecclefia
387 1965 404 1987 ,
421 1927 565 1979 suain
584 1929 691 1981 sede
711 1928 1037 1979 confeffionali
1057 1926 1250 1983 affistat3
1270 1941 1323 1973 ac
1343 1937 1480 1980 tunc,

164 2000 213 2050 ὃς
233 2019 332 2049 non
353 2000 525 2060 alihsfii
542 2001 821 2051 Canonicus
840 2004 955 2057 erit,
968 2003 1205 2067 integros,
1219 2014 1271 2043 ac
1287 1993 1319 2043 sl
1338 1993 1478 2043 Cho-

161 2089 215 2191 ἱο
233 2071 417 2120 interfit
434 2108 450 2130 ,
484 2071 590 2122 suos
618 2070 762 2123 faciat
787 2070 971 2123 fruetus
991 2105 1008 2130 ,
1038 2072 1088 2122 &
1116 2067 1292 2120 habeat
1320 2063 1479 2114 distri-

200 2157 385 2192 utiones
407 2179 418 2190 .

1344 2419 1476 2472 DE-
