2043 2958
470 223 562 262 172
827 228 829 231 ’
943 209 1298 257 ΑΡΡΕΝΩῙΧ

464 275 640 313 maxime
673 275 933 314 venerabilem
951 304 962 322 ‚
987 279 1025 317 ὃς
1052 280 1153 318 tanti
1178 277 1348 317 nominis
1363 278 1638 318 Monasterium
1655 277 1772 326 digna

464 327 576 364 laude
595 327 774 376 prosequi
805 340 881 364 non
897 329 1136 369 omiserimus
1151 359 1162 375 ‚
1187 329 1444 369 contumelias
1459 338 1587 368 tamen
1605 358 1616 374 ,
1639 331 1772 380 quibus

461 378 632 423 ejusdem
655 377 884 417 Monasterii
898 380 1097 420 Abbatem
1115 409 1126 427 ‚
1149 384 1187 421 ὃ(
1201 382 1418 420 Monachos
1433 381 1667 429 proscindere
1680 408 1691 426 ‚
1705 393 1771 419 eo-

459 430 621 478 rumque
656 430 980 471 existimationem
1003 460 1014 478 ‚
1055 445 1098 471 ac
1124 436 1313 472 honorem
1338 433 1469 470 laedere
1494 433 1568 471 ausi
1597 433 1771 478 fuerant,

461 481 677 529 impunitas
697 481 951 521 dimittendas
967 497 1042 523 non
1060 484 1130 522 effe
1145 485 1356 523 censuimus
1370 512 1380 528 ,
1406 496 1494 522 cum
1510 495 1569 521 res
1583 483 1629 520 ad
1645 494 1772 521 exem-

460 533 563 580 plum
578 540 660 580 pert
672 530 778 570 inere
795 531 1015 580 videretur,
1030 535 1066 572 δε
1082 544 1274 585 oporteat,
1290 535 1618 584 quemadmodum
1636 534 1775 572 B.Gre-

458 582 589 629 gorius
607 583 799 622 admonet
817 611 828 629 ‚
845 589 1008 623 canonica
1019 589 1152 624 ultione
1167 615 1179 632 ,
1195 590 1329 636 quando
1340 590 1427 635 quid
1440 588 1513 623 tale
1527 588 1769 629 committitur,

457 636 634 678 coerceri,
664 647 708 670 ne
734 637 874 680 facinus
902 664 913 681 ‚
941 650 1017 675 cum
1042 639 1189 675 aliorum
1212 650 1352 687 peccato
1375 639 1570 686 parcitur,
1605 639 1700 674 vires
1727 648 1770 672 ex

456 685 724 733 dzffimulatione
747 690 926 735 percipiat
944 717 954 726 .
989 688 1165 735 Juffimus
1200 691 1328 739 itaque
1353 717 1364 734 ‚
1398 689 1435 727 8<
1459 690 1699 732 curavimus,
1726 696 1768 726 ut

457 735 642 781 ejusmodi
669 738 845 775 criminis
872 741 1101 790 participes,
1129 742 1168 781 &c
1195 739 1335 779 conscii
1359 742 1497 778 merita
1512 741 1767 788 plec'terentur

456 800 572 837 poena
602 788 648 844 ad
676 790 993 829 emendationem
1019 804 1028 830 ε
1059 792 1180 842 parati
1210 802 1343 831 tamen
1369 803 1540 848 congruo
1568 799 1769 838 tempore»

457 839 730 893 Apostolicam
749 841 970 887 lenitatem,
983 842 1020 879 ἃ
1035 844 1366 882 mansuetudinem
1381 842 1560 881 exhibere
1572 841 1765 886 correctis,

457 901 546 927 cum
563 917 573 935 ,
598 899 639 930 ut
667 890 770 928 ldem
786 891 825 929 B.
840 893 1046 942 Gregorius
1069 895 1239 933 advertit
1255 922 1265 939 ,
1282 895 1363 942 plus
1377 895 1617 941 mfiricordiae
1636 920 1648 938 ‚
1663 894 1766 942 quiem

399 957 402 959 ’
457 942 621 990 ᾱίβνίξῖιε
635 944 717 981 Nos
738 946 923 980 conveniat
939 956 1076 991 operam
1088 949 1172 983 dare
1183 947 1350 997 justitiae.

182 1463 337 1493 Solemnis
362 1463 428 1493 Ab·

150 1504 238 1534 batis
283 1506 409 1535 Montis

154 1546 263 1576 Cafini
298 1546 429 1578 benedi-

154 1586 238 1618 c'lio.

558 992 675 1030 Nunc
688 1002 819 1031 autem
837 995 1119 1034 confiderantes
1132 1024 1144 1040 ‚
1171 997 1367 1045 praefatum
1393 994 1595 1033 Cafinense
1616 995 1762 1032 Mona·-

453 1041 609 1081 sterium
631 1043 772 1081 nullius
798 1043 987 1083 Dioecefis
1002 1046 1211 1084 Provinciae
1233 1046 1376 1083 Nostrae
1393 1045 1572 1083 Romanae
1587 1072 1598 1089 ,
1627 1054 1758 1093 utpote

454 1093 640 1133 diuturno
656 1094 885 1133 Fundatoris
901 1095 951 1132 sui
967 1123 978 1141 ,
1005 1096 1117 1146 usque
1132 1097 1179 1136 ad
1193 1095 1347 1135 obitum
1374 1095 1544 1134 incolatu
1562 1096 1759 1134 conlecra-

455 1154 539 1184 tum
555 1176 564 1191 ‚
582 1146 620 1184 Sc
636 1146 682 1184 ab
698 1146 775 1195 ipso
789 1148 1100 1198 promulgatione
1118 1150 1254 1199 regulae
1268 1176 1279 1193 ,
1294 1148 1568 1186 miraculorum
1585 1147 1758 1196 splendo-

456 1209 497 1234 re
522 1225 533 1242 ‚
563 1198 689 1247 suique
717 1197 874 1235 tandem
906 1198 1000 1237 sacri
1026 1199 1206 1250 Corporis
1233 1199 1404 1248 deposito
1433 1199 1658 1236 decoratum
1678 1227 1689 1244 ,
1718 1198 1756 1236 &

458 1249 587 1299 Caput
609 1248 767 1288 Ordinis
788 1250 1046 1288 ‚constitutum
1062 1279 1073 1296 ‚
1099 1263 1244 1303 magno
1271 1252 1415 1298 semper
1442 1250 1480 1287 in
1504 1251 1650 1287 honore
1668 1278 1679 1294 ‚
1712 1263 1757 1288 ac

458 1304 582 1349 pretio
595 1299 693 1351 apud
708 1312 846 1338 omnes
861 1328 872 1345 ‚
901 1302 1103 1350 praesertim
1121 1305 1213 1342 vero
1227 1302 1325 1350 apud
1344 1302 1539 1340 Romanos
1551 1300 1756 1340 Pontifices

458 1351 750 1392 Praedecess‘ores
766 1352 927 1391 Nostros
943 1381 954 1398 ‚
976 1354 1040 1402 qui
1055 1366 1131 1392 non
1146 1355 1261 1393 semel
1278 1353 1326 1391 ad
1342 1351 1648 1393 benedicendum
1665 1354 1756 1392 Ab-

457 1403 589 1444 batem
616 1406 655 1442 in
682 1403 834 1452 proprio
859 1403 1097 1443 Monasterio
1119 1404 1367 1453 personaliter
1395 1402 1656 1448 accesserunt,
1688 1416 1755 1442 eo·

458 1468 619 1505 rumque
633 1455 808 1504 exemplo
823 1454 905 1492 Nos
918 1456 985 1504 ipfi
999 1469 1116 1506 nuper
1128 1457 1270 1495 dilecsto
1285 1456 1382 1495 Filio
1397 1456 1613 1495 Sebastiano
1628 1455 1755 1493 Gada-

457 1509 534 1547 leta
561 1509 686 1546 eleeto
712 1506 878 1551 ejusdem
896 1508 1277 1548 MonasteriiAbbati
1295 1510 1414 1555 ,stato
1429 1507 1521 1550 ritu,
1539 1506 1575 1542 in
1593 1506 1755 1544 Ecclefia

462 1560 499 1597 S.
515 1558 664 1600 Calixti
694 1558 866 1612 de-Urbe
889 1559 1168 1599 benedicstionis
1183 1573 1320 1599 munus
1345 1559 1566 1599 solemniter
1583 1557 1758 1606 imperti-

456 1612 595 1656 vimus,
610 1609 773 1648 extitifle
786 1635 798 1653 ‚
813 1617 924 1656 atque
942 1609 1129 1655 meruisse,
1144 1621 1184 1649 ut
1197 1614 1242 1649 ab
1256 1611 1310 1650 eis
1325 1611 1532 1658 conspicuis
1551 1618 1756 1657 augeretur

457 1662 655 1702 beneficiis
670 1688 681 1705 ‚
703 1661 742 1699 ὃς
755 1659 964 1711 privilegiis
977 1689 987 1707 ‚
1013 1674 1057 1699 ac
1074 1661 1137 1700 sub
1155 1662 1383 1701 immediata
1403 1662 1509 1699 Sedis
1523 1661 1755 1709 Apostolicae

459 1713 724 1764 superioritate
737 1739 748 1756 ,
762 1711 800 1750 δέ
815 1713 1026 1760 patrocinio
1042 1714 1285 1763 susciperetur
1297 1730 1312 1755 ,-
1341 1715 1404 1754 Ac
1425 1712 1569 1760 insuper
1581 1724 1757 1760 comper—

459 1775 543 1804 tum
557 1766 740 1804 habentes
755 1775 775 1800 a
791 1763 996 1802 Monachis
1019 1763 1165 1803 ibidem
1179 1764 1420 1815 degentibus,
1433 1764 1564 1801 omnia
1579 1790 1589 1808 ‚
1613 1775 1691 1810 quae
1708 1763 1770 1802 ad-

460 1830 593 1856 eorum
619 1815 807 1864 regularia
830 1814 1004 1853 instituta
1030 1816 1222 1866 pertinent
1237 1844 1249 1862 ,
1273 1816 1517 1855 laudabiliter
1540 1814 1756 1860 observari,

462 1869 653 1909 sacrarum
668 1867 885 1905 Literarum
901 1867 1019 1905 studia
1045 1868 1173 1907 sedulo
1190 1868 1357 1908 exerceri
1371 1896 1382 1913 ‚
1407 1867 1658 1914 divinumque
1686 1867 1756 1906 im

461 1921 594 1971 primis
608 1920 755 1959 cultum
773 1919 920 1957 summa
941 1931 1028 1957 cum
1054 1920 1239 1969 religione
1252 1921 1377 1970 peragi
1392 1948 1403 1964 ‚
1430 1917 1759 1968 quemadmodum

462 1970 624 2021 propriis
650 1970 883 2019 inspeximus
898 1971 1019 2008 oculis
1033 1999 1043 2016 ‚
1058 1972 1150 2010 dum
1172 1973 1212 2011 in
1227 1972 1441 2010 minoribus
1455 1971 1649 2008 constituti
1667 1969 1757 2007 illuc

463 2023 731 2062 Sanetuarium
756 2021 853 2059 adeo
876 2022 1025 2060 celebre
1045 2022 1263 2062 devotionis
1287 2023 1411 2072 gratia
1429 2022 1614 2060 vifitaturi
1630 2032 1759 2068 perre-

462 2075 590 2114 'ximus
608 2089 621 2114 ,-
649 2074 696 2112 Et
722 2081 924 2121 propterea
949 2074 1174 2113 eorumdem
1196 2074 1509 2113 Praedeceflbrum
1531 2073 1761 2111 Nostrorum

466 2125 643 2174 exemplo
655 2152 667 2170 ,
682 2124 865 2162 antedic'ti
878 2124 1104 2169 Monasterii
1120 2126 1330 2165 Cannensis
1343 2153 1354 2171 ‚
1377 2127 1525 2175 ejusque
1539 2123 1758 2162 Abbatialis

463 2177 668 2221 -Ecclesiae,
697 2176 735 2214 δε
759 2176 929 2215 Abbatis
956 2190 1023 2227 pro
1051 2187 1223 2227 tempore
1245 2178 1436 2217 existentis
1462 2173 1758 2231 praerogativas,

466 2227 771 2279 praeeminentias
786 2253 796 2270 ‚
820 2229 858 2267 δέ
878 2230 959 2273 jura
973 2242 1218 2279 quaecumque
1241 2228 1454 2269 inconcuffa
1471 2256 1482 2274 ,
1511 2238 1555 2265 ac
1573 2227 1762 2265 inviolata

467 2280 654 2329 perpetuis
679 2279 816 2316 futuris
832 2282 1068 2329 temporibus
1092 2281 1256 2327 servari,
1284 2291 1396 2332 atque
1411 2279 1586 2320 custodiri
1604 2289 1761 2326 cupien-

465 2340 550 2372 tess
580 2332 619 2372 ὃς
651 2329 914 2370 Ριοωτειῑοτίε
941 2333 1141 2372 Generalis
1163 2334 1280 2382 ipfiusy
1299 2331 1624 2382 Congregationis
1649 2329 1759 2417 Cas}-

466 2402 469 2404 -
1015 2403 1018 2405 ·
1644 2392 1717 2419 nen
1737 2392 1765 2418 ts
