2043 2958
128 799 300 834 Decretum
323 812 388 843 poe-

125 845 202 875 nale
237 846 390 895 adversus

125 895 376 931 contravenien-

127 935 202 967 3350

441 243 544 295 276
901 234 1277 284 APPENDIX

433 306 569 346 blicari
584 321 600 348 ‚-
615 306 740 357 ficque
755 305 967 358 publicatas
982 333 994 352 ‚
1010 305 1048 344 δὲ
1062 305 1210 349 affixas,
1223 315 1374 351 omnes,
1389 305 1427 345 &
1440 305 1606 358 singulos
1623 335 1635 355 ,
1650 321 1751 359 quos

432 359 509 397 iilae
529 369 765 398 concernunt
779 387 790 405 ,
819 358 975 409 perinde
991 360 1138 396 aretare
1156 384 1167 403 ‚
1190 358 1229 397 Sc
1244 355 1420 402 afficere,
1443 370 1486 396 ac
1502 360 1527 396 fi
1542 359 1748 407 unicuique

432 422 570 449 eorum
596 413 861 458 nominatim,
885 412 924 451 &
940 410 1187 460 personaliter
1213 409 1401 447 intimatae
1416 408 1570 448 fuitsent
1590 423 1600 448 :
1628 421 1747 461 utque

431 461 597 511 ipsarum
614 464 851 511 praesentium
867 463 1114 512 transumptis
1128 489 1139 507 ‚
1150 462 1211 500 seu
1227 460 1412 509 exemplis
1424 487 1436 506 ,
1451 460 1574 500 etiam
1590 462 1751 512 impres-

432 515 480 552 fis
496 541 509 559 ‚
534 526 652 554 manu
668 516 828 562 alicujus
842 515 997 553 Notarii
1014 513 1155 564 publici
1171 513 1387 562 subscriptis
1401 540 1412 558 ‚
1438 514 1475 553 &
1491 514 1617 564 figulo
1632 515 1753 553 alicu-

429 567 488 611 jus
504 566 688 613 Personae,
703 569 740 606 in
756 567 1015 607 Ecclesiastica
1031 566 1235 614 Dignitate
1251 566 1479 609 constitutae,
1495 565 1671 611 munitis,
1689 578 1753 605 ea-

431 618 522 655 dem
540 619 690 667 prorsus
710 619 807 658 fides
821 646 833 664 ‚
858 628 939 658 tam
957 620 994 655 in
1011 617 1155 662 judicio
1168 644 1179 662 ‚
1206 617 1321 665 quam
1337 625 1445 655 extra
1462 618 1554 655 illud
1573 645 1584 661 ‚
1610 615 1750 667 ubique

431 668 661 724 adhibeatur
673 699 685 717 ‚
708 683 788 721 quae
804 671 892 721 ipfis
907 668 1152 720 praesentibus
1167 667 1411 706 adhiberetur
1426 697 1436 714 ,
1452 670 1480 706 fi
1497 669 1616 708 {orent
1633 668 1748 709 eslii-

431 720 521 759 bitae
533 748 547 767 ,
569 722 630 760 vel
646 723 798 762 ostensae
810 750 821 760 .

534 772 643 812 Nulli
665 787 759 825 ergo
783 774 949 813 omnino
974 770 1178 810 hominum
1209 771 1324 810 liceat
1348 771 1528 821 paginam
1549 775 1646 812 hanc
1665 772 1750 810 No-

431 824 511 863 strae
525 825 839 866 confirmationis
854 852 867 872 ,
882 824 1174 875 approbationis
1190 850 1202 868 ‚
1216 824 1497 868 innovationis,
1514 822 1744 873 ampliatio-

433 876 494 916 nis
516 904 527 922 ‚
555 877 808 917 restitutionis
832 905 843 921 ,
871 877 1190 925 reintegrationis
1206 902 1217 919 ‚
1247 875 1424 915 decreti,
1448 876 1749 922 declarationis,

433 930 565 966 statuti
583 955 595 974 ‚
621 929 839 968 voluntatis
856 957 867 974 ‚
894 927 1092 971 mandati,
1121 922 1434 969 constitutionis,
1459 925 1749 977 assignationis,

433 981 608 1030 praecepti
624 1007 636 1024 ,
665 982 704 1020 &
726 979 990 1027 derogationis
1015 975 1229 1023 infringere
1245 1003 1256 1019 ‚
1281 978 1343 1013 vel
1373 978 1405 1012 ei
1435 977 1522 1014 ausu
1540 988 1750 1016 temerario

434 1030 654 1069 contraire:
683 1031 721 1068 Si
746 1031 829 1078 quis
853 1037 986 1067 autem
1013 1030 1086 1064 hoc
1111 1035 1302 1064 attentare
1318 1028 1582 1075 praesumpserii
1604 1057 1614 1072 ‚
1646 1029 1751 1066 indi-

433 1083 662 1133 gnationem
690 1077 986 1129 Omnipotentis
1013 1078 1116 1122 Dei,
1144 1089 1188 1115 ac
1211 1078 1418 1115 Beatorum
1434 1077 1562 1123 Petri,
1592 1081 1628 1118 8<
1644 1079 1751 1118 Pauli

432 1133 712 1183 Apostolorum
731 1135 808 1178 ejus
825 1133 861 1170 se
878 1130 1029 1169 noverit
1044 1129 1280 1168 incursurum
1298 1158 1308 1167 .
1341 1131 1487 1168 Datum
1503 1131 1631 1168 Rome
1650 1131 1749 1181 apud

435 1186 472 1224 S.
488 1186 643 1224 Petrum
661 1186 783 1225 Anno
810 1181 1093 1222 Incarnationis
1123 1181 1337 1220 Dominicae
1367 1183 1572 1220 millesimo
1601 1183 1749 1229 septin-

433 1238 645 1286 gentesimo
664 1237 851 1288 vigesimo
864 1235 1013 1284 quinto,
1031 1233 1100 1273 IV.
1117 1233 1205 1272 Idus
1219 1231 1334 1278 Mali,
1351 1233 1603 1274 Pontificatus
1617 1233 1749 1275 Nostri

433 1289 556 1328 Anno
572 1289 697 1338 primo
711 1317 721 1326 .

434 1382 498 1440 P.
515 1383 602 1440 M.
620 1384 778 1440 Card.
795 1381 1133 1437 Prodatarius.
1214 1379 1269 1437 F.
1291 1379 1445 1434 Card·
1465 1377 1746 1437 oliverius.

552 1511 648 1556 Visa
667 1512 718 1555 de
736 1511 863 1555 curia
880 1511 913 1551 Ι.
931 1510 983 1553 C.
1010 1504 1360 1564 Archiepiscopus
1376 1505 1599 1552 Amasenus
1615 1538 1628 1552 .

716 1628 811 1664 Loco
820 1629 851 1663 ›1‹
867 1624 999 1662 Plumbi
1014 1648 1026 1659 .
1215 1624 1254 1659 L.
1267 1623 1484 1661 Martiuettus
1497 1648 1508 1660 .

862 1744 872 1750 ”
901 1728 1081 1777 Regtflrata
1091 1729 1124 1764 in
1137 1728 1308 1764 secretaria
1323 1729 1476 1763 Brevium
1488 1748 1497 1760 .

1583 2425 1743 2469 CON-
