2043 2958
451 226 547 276 288
911 229 1284 278 APPENnrx

450 297 600 354 cultura
618 298 826 356 educent-ur
841 327 853 345 ,
868 301 939 338 hoc
953 301 1005 339 est
1019 329 1030 346 ‚
1047 299 1095 338 ad
1111 302 1296 350 pietatem
1310 328 1323 347 ,
1344 311 1497 340 morum
1512 303 1720 342 candorem
1743 328 1755 349 ‚

450 349 725 397 literarumque
740 350 937 391 scm—,tiam
963 353 1003 390 in
1016 352 1244 391 Seminariis
1269 363 1360 390 acco
1371 353 1449 391 rate
1466 353 1658 393 informen
1670 364 1730 393 tur
1745 381 1757 399 ‚

144 427 352 462 Introduffio
388 432 421 464 ὃ(
452 412 540 439 curn
565 402 691 458 postea
716 402 764 440 ad
793 403 981 443 laboriosa
1007 403 1266 443 Ecclefiastica
1293 407 1505 443 n32msteria
1529 407 1566 442 in
1585 407 1662 444 Vin
1673 418 1760 444 eam

147 454 397 505 Consti-„udonis
451 453 706 492 Dominicam
721 455 1048 511 rransplantantur
1063 483 1075 501 ‚
1091 456 1347 495 Ecclesiarurr:
1363 455 1544 506 regimini
1560 484 1572 502 ‚
1597 470 1667 506 pop
1677 458 1760 495 ulo-

152 513 275 545 0ccaszo
289 535 297 545 .
450 516 611 561 rumque
627 505 737 546 saluti
752 508 922 550 maxime
935 508 1143 548 frufiuosos
1157 535 1168 553 ‚
1183 520 1225 546 ac
1247 507 1360 547 utiles
1376 508 1461 554 esse,
1477 508 1658 547 diuturna
1679 509 1756 558 plu-

454 567 643 594 rimorum
657 570 845 615 annorum
859 561 1094 610 experientia
1110 561 1196 598 satis
1209 570 1452 610 compertum
1469 563 1656 598 habemus
1678 588 1688 598 .

551 608 658 665 *Cum
674 618 805 660 itaque
821 612 1023 649 Seminarii
1039 610 1289 650 Ecclefiastici
1317 613 1461 651 erediio
1487 612 1509 650 ὲ
1523 614 1639 650 Sacra
1666 610 1761 651 Tri-

451 659 610 699 dentina
624 662 786 710 Synodo
801 673 897 711 capa
908 664 1083 712 &faffone
1098 677 1156 707 23.
1170 665 1210 699 de
1226 665 1405 710 reformat.
1423 665 1613 713 Episcopis
1629 662 1762 702 omni-

451 712 519 750 bus
536 716 737 769 {rrumpere
753 717 1026 754 commendata
1039 744 1050 761 ‚
1076 716 1114 754 ὅ(
1131 714 1180 753 ad
1197 714 1500 756 Ecclefiasticam
1515 716 1762 759 disciplinam

451 766 757 822 conservandam
770 766 867 805 adeo
882 767 1083 807 necessaria
1095 795 1107 812 ‚
1129 768 1168 804 in
1183 767 1350 816 pluribus
1364 767 1668 807 Cathedranbus
1690 766 1763 802 Ec-

452 817 576 874 clesus
592 843 604 861 ‚
627 817 958 868 quemadmodum
972 833 1047 859 non
1064 820 1140 858 fine
1165 825 1273 868 gravi
1301 821 1423 858 animi
1439 820 1569 857 Nost-ri
1586 831 1623 856 m
1636 829 1763 856 oerore

450 878 664 925 accepimus
680 897 692 915 ‚
720 871 907 920 hucusque
921 873 1094 921 negleria
1106 872 1224 909 fuerit
1237 870 1344 912 ,Nos
1357 883 1425 920 pro
1440 872 1644 909 Pastoraus
1660 868 1765 918 vigi-

450 919 578 958 lantiae
593 920 737 959 Nostrae
749 921 884 960 debito
901 926 1006 972 pium
1021 925 1091 960 hoc
1104 950 1115 967 ‚
1143 922 1180 959 &L
1195 923 1363 960 iancs‘tum
1389 934 1481 971 opus
1502 923 1649 960 strenue
1672 932 1766 970 pro-

449 983 609 1009 movere
622 974 832 1021 cupientes,
848 976 962 1013 Motu
979 973 1146 1023 proprio,
1160 985 1204 1010 ex
1221 983 1325 1011 certa
1342 971 1500 1012 scientia
1517 1001 1529 1018 ‚
1547 986 1591 1012 ac
1607 981 1763 1011 matura.

222 1071 230 1080 ο
451 1022 732 1079 delibergitione
746 1025 892 1062 Nostris
907 1052 920 1069 ‚
947 1026 1068 1074 deque
1086 1025 1314 1073 Apostolicae
1341 1026 1536 1073 potestatis
1557 1022 1765 1072 plenitudi-

147 1072 345 1131 lerjcf‘fflm
369 1073 424 1119 S?-
452 1085 500 1111 ne
517 1101 528 1118 ‚
546 1077 728 1113 universis
741 1102 753 1120 ,
777 1075 810 1112 δ’
828 1077 980 1125 singulis
998 1077 1191 1114 Locorum
1209 1074 1428 1115 Ordinariis
1445 1076 1566 1114 Itahae
1584 1103 1595 1120 ,
1612 1074 1762 1113 Insula-

149 1124 333 1186 ῖέζζὲῗῃῖε
349 1114 426 1186 ”effi-
454 1137 616 1174 rumque
633 1127 894 1172 adjacentium
911 1156 922 1173 ‚
939 1131 1006 1166 hac
1024 1128 1162 1166 Nostra
1177 1129 1362 1176 perpetuo
1380 1127 1548 1165 valitura
1564 1126 1764 1166 Constitu-

147 1198 220 1234 ch,
242 1198 428 1236 erzgenda...
454 1181 563 1216 tione
574 1178 740 1217 distrist‘e
760 1179 995 1230 injungimus
1012 1208 1022 1225 ‚
1048 1180 1284 1230 praecipimus
1298 1206 1310 1223 ‚
1331 1179 1366 1216 &c
1388 1179 1617 1218 mandamus
1631 1204 1641 1222 ‚
1668 1185 1707 1214 ut
1725 1178 1766 1214 in

148 1240 406 1272 demandantur.
455 1229 755 1268 Cathedralibus
768 1260 779 1278 ,
805 1231 844 1270 in
873 1233 1006 1279 quibus
1023 1233 1282 1270 Seminarium
1300 1232 1482 1269 haetenus
1497 1232 1666 1269 erecstum
1684 1241 1763 1267 uon

404 1292 407 1295 ’
454 1282 527 1321 fuit
543 1310 554 1326 ‚
567 1282 660 1321 illud
673 1285 958 1333 quamprimum
977 1283 1099 1332 erigi,
1115 1296 1158 1321 ac
1174 1295 1337 1320 omnino
1350 1282 1492 1320 institui
1508 1289 1640 1320 curent
1655 1296 1669 1322 ‚-
1698 1279 1762 1317 ubi

456 1336 553 1374 vero
573 1337 653 1380 jam
677 1338 863 1383 reperitur
877 1337 1070 1379 eredtum,
1095 1335 1157 1373 sed
1180 1335 1358 1382 congruis
1378 1334 1587 1372 redditibus
1603 1332 1650 1371 ad
1665 1332 1765 1370 Aiu-

458 1398 639 1425 mnorum
654 1414 665 1431 ‚
685 1387 1035 1435 Magistrorumque
1057 1387 1374 1424 sustentationem
1395 1383 1611 1423 necessariis
1627 1384 1765 1421 instru-

154 1470 245 1501 Tam
281 1470 323 1500 ad
357 1467 431 1499 'rri-
458 1441 562 1476 rstum
576 1450 653 1476 non
666 1438 731 1482 est,
749 1438 796 1476 de
810 1439 868 1481 iis,
883 1447 925 1476 ut
939 1435 1040 1476 infra
1052 1465 1065 1483 ‚
1081 1438 1293 1487 opportune
1307 1436 1535 1486 provideant
1551 1464 1559 1473 .
1585 1436 1767 1484 Utroque

155 1494 281 1544 <lentini
294 1509 431 1541 concilii
459 1491 577 1541 igitur
589 1489 674 1528 casu
689 1517 700 1534 ‚
719 1490 902 1527 nimirum
918 1499 997 1527 tam
1013 1501 1079 1539 pro
1093 1490 1285 1528 erectione
1304 1489 1396 1526 novi
1414 1487 1635 1531 Seminarii‚
1651 1488 1767 1537 quam

157 1564 299 1584 mentem
331 1550 434 1584 confi·
459 1555 528 1593 pro
545 1542 806 1591 supplemento
817 1541 1042 1580 reddituum
1056 1538 1259 1580 Seminarii
1270 1543 1350 1586 jam
1363 1540 1497 1583 erefti,
1511 1540 1664 1578 Taxam
1679 1550 1769 1577 cum

156 1597 299 1636 cienda„
464 1594 624 1633 consilio
639 1592 803 1632 duorum
827 1593 874 1630 de
891 1593 1076 1642 Capitulo
1088 1621 1099 1638 ‚
1121 1594 1160 1633 &
1176 1591 1341 1631 totidem
1357 1593 1404 1629 de
1421 1591 1539 1629 Clero
1555 1590 1767 1628 conficiant

464 1647 485 1685 ἒι
499 1652 715 1684 memorato
731 1643 965 1683 Tridentino
977 1642 1162 1685 Concilio
1180 1655 1276 1692 capa
1287 1644 1453 1691 8-seff10ne
1469 1646 1574 1686 23.de
1588 1644 1767 1689 refhrmat.

463 1697 716 1748 praescriptam
730 1723 741 1740 ,
771 1694 992 1742 incipiendo
1016 1697 1064 1733 ab
1078 1696 1239 1745 mtegris
1257 1694 1440 1731 frustibus
1460 1693 1601 1731 Mensae
1618 1693 1771 1742 Episco-

462 1750 558 1800 palis
570 1776 581 1794 ‚
608 1747 646 1785 &
660 1747 795 1795 absque
812 1747 891 1784 ullo
905 1746 1125 1784 discrimine
1143 1744 1404 1794 prosequendo
1418 1771 1430 1789 ‚
1442 1746 1551 1789 juxta
1567 1756 1772 1781 normani„

166 1841 169 1843 ,
200 1822 345 1868 Quinam
380 1825 435 1857 sub
468 1801 613 1839 ibidem
629 1797 852 1847 expressam,
870 1799 907 1837 8<
919 1797 1077 1846 provide
1094 1797 1344 1834 constitutam
1364 1823 1372 1832 .
1389 1796 1526 1834 Eidem
1543 1798 1636 1833 vero
1649 1796 1771 1833 Taxae

160 1869 222 1909 ipsa
235 1870 326 1899 Taxa
347 1879 437 1899 com·
465 1852 598 1891 omnia
613 1878 625 1896 ‚
651 1851 688 1889 δέ
705 1850 851 1899 fingula
864 1848 1055 1887 Beneficia
1069 1845 1263 1887 Secularia
1277 1874 1288 1891 ,
1304 1847 1343 1886 δε
1359 1847 1563 1896 Regularia
1580 1860 1642 1895 per
1662 1847 1772 1896 quos-

161 1911 409 1952 prehendendi?
467 1916 630 1953 cumque
641 1930 652 1948 ,
675 1902 793 1940 etiam
807 1900 1060 1941 Venerabiles
1074 1900 1226 1939 Fratres
1240 1897 1402 1937 Nostros
1419 1899 1455 1936 S.
1471 1899 1514 1935 R.
1530 1899 1570 1936 E.
1585 1898 1772 1937 Cardina-

466 1958 546 2001 les,
564 1967 714 1994 necnon
730 1953 913 1998 Nostros,
938 1954 975 1992 &
1003 1966 1069 2002 pro
1086 1962 1260 2000 tempore
1285 1948 1479 1988 existentis
1491 1949 1655 1988 Romani
1669 1949 1772 1987 Pon-

467 2006 583 2046 tificis
607 2005 831 2045 Familiares
845 2032 855 2049 ‚
888 2003 926 2041 ἓ(
953 2002 1126 2042 Camerae
1152 2003 1297 2041 Nostrae
1314 2000 1551 2050 Apostolicae
1568 2002 1770 2046 Clericos,

467 2059 667 2098 Ministros
681 2084 692 2100 ‚
717 2069 760 2094 ac
773 2055 971 2094 Officiales
984 2055 1238 2105 quoscumque
1253 2081 1264 2099 ,
1292 2053 1486 2102 praesentes
1499 2081 1510 2098 ‚
1541 2054 1579 2092 δὲ
1595 2053 1743 2090 futuros
1757 2078 1769 2097 ,

467 2112 627 2148 obtenta
643 2137 654 2154 ‚
680 2110 718 2148 ὃς
735 2109 771 2145 in
790 2109 980 2155 posterum
994 2106 1203 2144 obtinenda
1219 2132 1230 2150 ‚
1253 2117 1297 2144 ac
1314 2105 1447 2143 omnia
1461 2105 1607 2153 insuper
1624 2101 1771 2142 Benefi-

469 2162 530 2201 cia
547 2160 737 2199 Secularia
756 2159 990 2198 Prioratibus
1003 2186 1014 2203 ,
1026 2157 1284 2197 Commendis
1299 2184 1310 2202 ‚
1331 2158 1391 2196 vel
1406 2156 1678 2202 Bajulivatibus
1692 2154 1771 2193 Or-

470 2213 571 2252 dinis
587 2213 765 2252 Fratrum
792 2211 826 2248 S.
840 2212 996 2259 Joanuis
1011 2207 1362 2259 Hierosolymitani
1379 2207 1771 2258 quomodocumun

470 2266 606 2309 unita,
632 2272 696 2303 aut
721 2263 768 2301 de
792 2272 920 2301 cetero
941 2262 1109 2301 unienda
1124 2289 1135 2307 ,
1165 2273 1313 2299 necnon
1335 2260 1479 2298 frufflus
1496 2287 1507 2305 ‚
1532 2271 1575 2297 ac
1601 2257 1771 2295 redditus

472 2314 853 2357 Confraternitatum
870 2315 1075 2353 Laicorum
1090 2341 1100 2359 ‚
1121 2325 1166 2352 ex
1182 2313 1298 2350 certis
1312 2311 1440 2351 fundis
1454 2339 1466 2358 ‚
1494 2310 1527 2347 ἃ
1545 2309 1770 2358 capitalibus

472 2367 738 2418 provenientes
753 2371 767 2415 (
783 2379 860 2407 non
873 2374 1006 2408 autem
1017 2366 1182 2409 summas
1201 2364 1440 2415 pecuniarias
1453 2390 1465 2411 ‚
1479 2373 1557 2412 quae
1569 2361 1590 2401 ἐι
1606 2360 1774 2448 Coniga-

1651 2420 1701 2450 tri
1732 2423 1773 2450 us
