2043 2958
449 258 541 288 222
924 244 1281 291 Amanum

499 324 514 349 1
574 338 600 358 ‚,
631 313 811 351 Primum
836 310 955 362 igitur
970 339 981 358 ,
1013 323 1101 349 cum
1129 313 1150 351 a
1168 312 1340 352 Patribus
1377 314 1586 352 memorati
1600 315 1769 355 Concilii

445 390 473 410 ‚,
500 362 748 409 Tridentini,
767 363 917 403 Divino
933 364 1090 405 afflante
1107 364 1238 413 spiritu
1252 391 1264 409 ‚
1293 363 1566 413 sapientissime
1585 367 1766 406 animad-

447 442 475 460 „
505 415 651 453 versum
668 416 783 455 fuerit
803 443 815 461 ‚
842 424 1029 466 quantum
1046 416 1268 456 Christianae
1283 414 1510 465 Reipublicae
1525 416 1688 465 interfit,
1705 431 1769 457 ac-

447 493 475 511 „
506 475 683 507 curatum
703 468 837 507 haberi
851 467 1043 508 deiec'tum
1061 468 1161 507 circa
1177 481 1257 514 eos,
1274 468 1409 517 quibus
1425 469 1539 508 Sacra
1552 470 1770 509 Ministeria

447 544 476 563 „
504 519 788 558 committenda
819 519 902 558 sunt
919 547 932 565 ‚
959 521 998 560 δε
1025 521 1244 571 inquorum
1262 522 1384 559 vitam
1411 521 1531 560 ceteri
1548 521 1771 566 Fidelesju-

447 596 474 614 „
503 569 602 617 giter
630 572 761 610 oculos
790 572 1039 618 conjicientes
1055 601 1066 619 ‚
1094 572 1279 623 sumpturi
1307 572 1396 610 inde
1426 572 1509 611 sunt
1524 574 1769 623 exemplum,

449 647 476 666 ‚,
507 621 608 669 quod
633 623 863 664 imitentur,·
892 634 1169 675 proptereaque
1196 623 1358 673 provide
1380 625 1427 663 ab
1444 624 1577 662 iisdem
1595 624 1768 665 Patribus

450 696 478 717 „
508 681 665 711 cautum
678 674 806 719 fuerit,
823 675 1091 715 Ecciefiasticae
1107 676 1260 716 Militiae
1289 688 1353 725 per
1366 676 1533 725 primam
1549 675 1766 714 Tonsuram

447 750 474 769 „
504 723 773 764 adscribendos
801 729 951 766 nonnisi
979 725 1068 767 illos
1091 727 1168 767 esse
1184 754 1195 772 ‚
1220 728 1285 775 qui
1315 728 1553 776 probabilem
1573 728 1764 777 praebeant

443 801 470 820 ‚‚
499 778 789 823 comesturam,
819 779 945 818 senon
965 779 1150 818 saecularis
1172 778 1311 826 judicii
1342 779 1561 818 declinandi
1580 778 1761 824 consilio,

441 853 468 872 ,‚
499 826 561 864 sed
591 829 736 868 fincero
752 830 885 869 animo
913 831 1109 880 praestandi
1128 830 1285 870 fidelem
1302 831 1449 869 cultum
1467 858 1479 876 ,
1507 843 1551 869 ac
1567 831 1764 870 servitium

440 905 467 923 ,‚
498 879 583 916 Deo
596 906 607 923 ‚
623 882 694 917 hoc
708 881 795 918 vitae
808 893 926 930 genus
941 883 1117 933 elegisse,
1136 883 1327 925 volumus,
1345 890 1400 925 ut,
1413 894 1481 929 pro
1496 881 1631 920 tutiori
1647 882 1757 931 ipsius

439 956 468 974 „
497 929 732 969 Conciliaris
761 932 967 970 sanctionis
994 932 1244 977 executione,
1273 933 1321 969 ab
1343 932 1521 970 omnibus
1536 932 1758 982 Regnorum

438 1006 466 1024 ‚‚
497 980 769 1029 Hispaniarum
784 983 997 1027 hujusmodi
1016 983 1323 1031 Archiepiscopis
1338 1010 1350 1027 ‚
1381 986 1419 1018 bc
1437 983 1626 1032 Episcopis
1639 1014 1649 1029 ,.
1681 996 1759 1022 non

438 1057 466 1076 „
496 1030 562 1068 alii
579 1031 626 1068 ad
639 1033 807 1080 primam
823 1034 1044 1071 Tonsuram
1062 1035 1102 1070 in
1119 1036 1309 1080 posterum
1324 1032 1584 1070 admittantur
1599 1060 1611 1077 ‚
1641 1037 1757 1081 quam

435 1108 465 1126 „
494 1082 633 1130 quibus
650 1082 955 1122 Ecclefiasticum
983 1084 1136 1133 aliquod
1159 1081 1393 1121 Beneficium
1409 1083 1536 1120 statim
1554 1083 1756 1122 conferen-

434 1160 461 1179 ‚‚
490 1133 582 1171 dum
598 1135 641 1171 sit
658 1149 673 1174 ,-
701 1143 767 1173 aut
786 1147 878 1184 quos
904 1135 1123 1173 constiterit
1146 1134 1348 1173 literarum
1379 1134 1502 1172 studio
1526 1146 1685 1184 operam
1701 1137 1749 1175 fic

433 1211 461 1233 „
490 1184 580 1222 dare
599 1212 610 1230 ,
625 1194 666 1224 ut
680 1187 781 1235 quafi
796 1187 834 1224 in
852 1188 914 1226 via
930 1187 978 1225 ad
995 1187 1164 1225 Ordines
1179 1213 1191 1231 ‚
1207 1195 1292 1224 tum
1310 1185 1485 1224 Minores
1504 1214 1516 1231 ,
1531 1196 1614 1226 tum
1631 1190 1751 1226 etiam

434 1263 462 1282 ‚,
491 1235 632 1276 deinde
649 1238 818 1282 Maiores
832 1238 1085 1288 suscipiendos
1102 1238 1242 1275 versari
1257 1236 1462 1274 videantur
1482 1252 1496 1277 3
1513 1239 1573 1276 vel
1594 1237 1752 1277 demum

433 1314 461 1333 ‚‚
490 1300 584 1336 quos
600 1288 768 1327 viderint
793 1291 970 1339 expedire
987 1291 1146 1339 alicujus
1161 1288 1332 1328 Ecclefiae
1346 1287 1505 1328 servitio
1519 1315 1531 1337 ,
1553 1290 1615 1329 vel
1633 1290 1753 1330 mini-

435 1365 465 1385 „
494 1338 607 1378 sterio
624 1340 826 1390 deputari.

487 1404 505 1427 2
532 1440 540 1446 ν
564 1418 590 1436 ,,
621 1392 666 1429 Et
694 1401 776 1431 tam
805 1395 845 1431 in
860 1395 915 1433 his
932 1422 942 1439 ,
958 1397 1020 1445 qui
1037 1395 1086 1433 ad
1103 1395 1268 1444 primam
1289 1394 1506 1434 Tonsuram
1522 1420 1534 1439 ‚
1563 1394 1678 1443 quAEtm
1709 1393 1748 1433 in

432 1468 459 1487 ‚‚
489 1441 576 1480 aliis
593 1470 603 1487 ‚
627 1441 689 1491 qui
711 1446 930 1490 promoveri
946 1447 994 1484 ad
1006 1446 1174 1485 Ordines
1188 1446 1305 1484 etiam
1321 1446 1489 1484 minores
1505 1446 1743 1494 optaverint,

431 1520 459 1538 ‚,
488 1495 651 1531 omnino
675 1494 842 1534 servetur
858 1496 998 1546 pariter
1018 1499 1151 1549 regula
1169 1498 1216 1534 ab
1234 1497 1373 1535 eodem
1388 1497 1567 1536 Concilio
1581 1496 1748 1534 Triden-

431 1571 459 1589 ‚‚
489 1544 573 1583 rino
587 1545 728 1585 tradita
744 1560 759 1588 5
789 1548 972 1588 nimirum
986 1578 997 1595 ‚
1020 1559 1060 1588 ut
1077 1549 1202 1588 nullus
1217 1548 1419 1587 ordinetur
1433 1576 1445 1594 ‚
1467 1546 1681 1597 qniiudicio
1694 1549 1746 1586 tui

429 1621 458 1640 „
489 1596 661 1645 Episcopi
678 1609 752 1635 non
770 1599 815 1637 sit
833 1601 934 1638 utilis
951 1628 962 1645 ‚
978 1610 1043 1639 aut
1058 1601 1287 1639 necessarius
1307 1600 1379 1638 suis
1400 1599 1590 1644 Ecclefiis‚
1609 1599 1749 1647 quique

431 1672 459 1691 „
488 1645 545 1683 illi
561 1647 745 1693 Ecclefiae‚
761 1659 828 1688 aut
840 1652 903 1698 pio
917 1652 1019 1695 loco,
1034 1664 1101 1697 pro
1116 1654 1219 1696 cujus
1235 1651 1406 1689 utilitate
1420 1678 1431 1695 ‚
1443 1659 1507 1688 aut
1523 1648 1746 1689 necestitate

431 1723 458 1742 „
488 1697 712 1743 assumitur,
740 1712 819 1740 non
837 1700 1091 1746 adscribatur,
1117 1702 1179 1739 ubi
1198 1701 1331 1751 reipsa
1358 1702 1572 1740 functiones
1595 1701 1745 1739 muneri

428 1775 457 1794 „
486 1747 551 1786 suo
566 1751 837 1789 consentaneas
851 1762 1027 1792 exerceat
1043 1780 1052 1790 .
1082 1753 1201 1800 Qod
1216 1753 1243 1789 fi
1267 1752 1330 1801 qui
1346 1752 1466 1791 modo
1479 1751 1742 1801 reperiantur,

425 1826 453 1846 „
485 1801 544 1838 vel
559 1800 928 1842 ClericaliTonsura
945 1807 1024 1850 jam
1040 1803 1204 1848 initiati,
1231 1804 1294 1841 vel
1317 1804 1365 1840 ad
1380 1803 1551 1841 Ordines
1578 1803 1654 1841 five
1668 1805 1742 1840 mi-

423 1877 452 1897 „
482 1862 594 1890 nores
608 1879 619 1897 ‚
635 1853 711 1891 five
728 1857 889 1900 majores
903 1856 982 1900 jam
998 1853 1193 1904 promoti,
1217 1852 1281 1903 qui
1298 1851 1394 1891 nulli
1408 1862 1518 1892 certae
1536 1854 1710 1892 Ecclefiae
1724 1881 1737 1901 ,

420 1929 449 1948 ,‚
479 1904 539 1941 vel
567 1904 654 1942 Ioco
671 1905 733 1954 pio
750 1905 928 1955 adscripti
941 1907 1110 1945 fuerint:
1143 1906 1314 1955 Episcopi
1338 1905 1637 1955 adscriptionem
1668 1907 1739 1944 hu-

420 1981 448 2000 „
476 1955 637 1998 jusmodi
653 1984 665 2002 ,
682 1958 744 1995 vel
759 1958 779 1995 a
795 1957 918 2006 seipfis
933 1985 945 2001 ‚
967 1958 1028 1996 vel
1043 1958 1064 1996 a
1081 1957 1416 1996 Praedecessoribus
1431 1957 1504 1996 suis
1523 1955 1704 1995 omissam
1721 1984 1732 2002 ‚

420 2032 447 2050 „
475 2006 601 2044 statim
629 2007 827 2056 suppleant
844 2035 856 2053 ‚
882 2020 959 2046 non
988 2010 1117 2047 minus
1146 2008 1272 2057 quoad
1297 2018 1434 2046 ornnes
1466 2010 1506 2046 in
1524 2006 1731 2053 majoribus

415 2081 444 2102 ‚,
474 2053 688 2096 Ordinibus
699 2086 709 2103 ,
725 2059 846 2097 etiarn
870 2060 1162 2106 presbyteratus
1176 2087 1189 2106 ,
1204 2059 1430 2098 constitutos
1443 2087 1453 2105 ‚
1469 2061 1585 2108 quam
1602 2059 1728 2107 quoad

414 2132 442 2152 „
469 2118 534 2144 eos
550 2134 561 2151 ,
584 2110 647 2157 qui
669 2111 730 2147 vel
747 2110 824 2148 sola
838 2110 959 2158 prima
970 2109 1145 2150 Tonsura
1159 2138 1170 2155 ‚
1199 2113 1258 2148 vel
1274 2108 1491 2150 minoribus
1509 2108 1722 2150 Ordinibus

411 2183 438 2203 ‚‚
468 2157 611 2197 initiati
628 2186 640 2204 ,
671 2160 907 2200 Beneficium
932 2169 1063 2200 tamen
1088 2161 1396 2201 Ecclefiasticum
1423 2160 1610 2212 poffident
1627 2188 1637 2198 .
1669 2161 1723 2199 Ex

406 2236 434 2254 ‚‚
464 2210 615 2258 reliquis
630 2220 760 2250 autem
776 2240 786 2257 ,
816 2220 855 2250 ut
872 2212 1064 2260 praefertur
1079 2240 1090 2258 ,
1122 2214 1181 2250 vel
1201 2213 1280 2251 sola
1296 2215 1421 2263 prima
1441 2213 1616 2258 Tonsura
1632 2212 1724 2249 insi-

402 2286 430 2306 „
458 2259 590 2311 gnitis,
607 2262 668 2299 vel
686 2261 725 2301 in
741 2264 951 2303 minoribus
968 2264 1181 2303 Ordinibus
1195 2266 1431 2309 constitutis,
1453 2264 1513 2300 sed
1529 2261 1723 2300 Beneficio

399 2336 426 2356 ‚‚
457 2312 675 2352 carentibus
693 2342 705 2360 ,
735 2316 883 2354 nonnisl
897 2327 962 2354 eos
977 2315 1193 2354 adscribant
1213 2342 1224 2360 ‚
1249 2328 1342 2365 quos
1364 2314 1539 2353 Ecclesiis
1557 2313 1628 2351 suis
1644 2313 1724 2353 uti-

399 2386 426 2406 „
456 2362 511 2401 les
527 2390 540 2411 ‚
564 2363 626 2403 vei
651 2366 884 2405 necessarios
901 2367 977 2406 esse
992 2367 1247 2416 judicaverint
1267 2395 1277 2406 .
1308 2369 1494 2408 Ceterum
1519 2360 1720 2454 antegsic‘tae

1578 2427 1600 2457 a
1645 2426 1719 2455 cri-
