2043 2958
656 227 962 280 Τιτυιυε
1015 229 1148 282 XV.
1482 247 1545 292 53

228 297 367 347 illam
384 300 449 346 eis
468 297 656 349 Christi
669 301 879 352 Domini
897 300 1186 352 sententiam
1198 302 1239 349 ²:
1260 300 1406 350 eadem
1425 305 1552 369 quip-

220 386 277 437 pe
309 371 506 437 menfitra
523 407 540 428 ,
573 391 655 440 qua
689 374 826 442 mensi
829 375 1026 442 fiteritis
1045 411 1063 435 ,
1093 376 1355 424 remetietur
1383 373 1547 421 vobis:

229 447 432 508 paterne
451 460 892 494 commemoramus
911 481 922 493 .

692 586 919 637 CAP.
994 586 1094 637 VI.

297 687 467 759 Mtfico
489 695 639 741 cantui
655 696 703 741 in
723 692 924 761 Ecclesz'is
951 692 1100 743 modus
1118 695 1359 760 imponitur
1373 729 1391 754 ,
1422 693 1478 744 (T

419 782 677 831 organorum
704 764 836 829 fimus
868 782 1058 832 tempore
1076 765 1325 815 Adventus
1344 798 1362 821 ,

507 836 562 879 ἔτ
589 832 947 905 Qadragefimae
967 835 1234 901 prohibetur
1251 867 1262 879 .

337 936 418 987 Ro
439 954 495 985 eo
515 952 676 986 autem
696 976 713 997 ‚
742 939 872 1010 quod
891 939 1121 989 muficam
1139 943 1191 988 in
1206 938 1426 989 Ecclesiis
1445 937 1551 1007 spe-

361 1006 479 1065 stat,
493 1024 671 1075 praeter
690 1010 1105 1077 Extravagantem
1123 1011 1265 1060 DoHa
1285 1011 1345 1059 de
1363 1015 1488 1070 vita,
1500 1013 1550 1062 Sc

224 1075 471 1125 honestate
508 1078 824 1128 Clericorum
842 1114 859 1137 ,
891 1080 1118 1129 Edistum
1152 1085 1334 1147 pariter
1350 1080 1430 1129 fel.
1453 1099 1548 1129 rec.

219 1147 501 1195 Alexandri
516 1148 651 1194 VII.b
664 1149 1005 1195 innovandum
1022 1150 1109 1197 effe
1127 1149 1549 1218 statuimus,prout

218 1217 313 1266 hoc
332 1216 493 1264 nostro
508 1216 729 1265 Decreto
756 1220 1078 1267 innovamus-z
1108 1217 1409 1286 ulteriusque
1436 1240 1548 1288 pro-

216 1286 491 1336 hibendum
511 1287 737 1336 ducimus
759 1323 775 1346 ‚
807 1307 870 1338 ne
901 1292 953 1338 in
972 1287 1129 1338 Miffis
1147 1287 1511 1341 Desunstorum
1530 1330 1547 1351 ‚

220 1356 486 1426 diebusque
515 1358 780 1408 Adventus
803 1396 819 1418 ,
855 1361 905 1410 &
939 1359 1324 1429 Qadragefimae
1345 1397 1362 1420 ,
1400 1362 1546 1412 Pestis

220 1429 478 1479 dumtaxat
499 1435 720 1498 exceptis
740 1466 756 1489 ,
785 1449 962 1498 organa
991 1430 1244 1499 pulsentur
1258 1467 1274 1489 ,
1306 1449 1395 1480 nec
1413 1432 1546 1483 aliud

220 1500 432 1566 quodvis
453 1499 690 1549 muficum
709 1502 1090 1551 instrumentum
1108 1500 1422 1552 adhibeatur:
1440 1523 1542 1572 quo

216 1585 438 1637 tempore
457 1608 474 1629 ,
493 1572 764 1621 Dominica
784 1571 973 1621 scilicet
991 1572 1254 1622 Adventus
1273 1577 1416 1639 tertia
1430 1610 1447 1632 ‚
1463 1575 1540 1623 di-

211 1640 285 1689 &a
306 1642 506 1690 Gaudete
527 1678 543 1700 ‚
561 1644 610 1692 &
628 1641 1014 1711 Qadragefimae
1031 1657 1200 1711 quarta
1221 1680 1237 1702 ,
1258 1659 1539 1712 nuncupata

212 1710 387 1760 Laetare
408 1749 424 1771 ,
463 1711 647 1781 pulsari
677 1732 855 1781 organa
884 1718 1240 1781 permittuntur
1268 1719 1319 1762 in
1347 1714 1536 1764 Missa...

212 1785 559 1833 tantummodo
589 1784 953 1835 Conventuali.
994 1786 1096 1836 Sub
1123 1790 1282 1853 poenis
1314 1789 1534 1845 interea,

211 1856 264 1901 in
298 1857 547 1919 praecitata
577 1854 939 1922 Extravagante
958 1890 974 1913 ,
1011 1858 1061 1906 ὃ(
1090 1857 1263 1907 Εάἱξὶο
1293 1855 1496 1904 ίῃΗίἐὶίε
1513 1892 1531 1914 ,

212 1921 477 1973 cohibeant
506 1923 735 1991 Episcopi
763 1924 964 1973 Muficae
983 1925 1247 1992 Magistros
1265 1962 1283 1984 ‚
1313 1925 1531 1993 Organi-

208 1993 315 2051 stas,
338 1995 387 2043 ὁζ
407 1994 644 2044 Cantores
665 2031 682 2052 ,
700 1994 913 2063 aliosque
933 1994 1267 2065 quoscumque
1286 2014 1311 2043 a
1327 1995 1531 2063 quibus-

210 2068 287 2112 vis
317 2068 369 2112 in
387 2064 594 2115 Ecclefia
621 2066 839 2116 indecori
869 2082 1036 2116 cantus
1070 2065 1527 2133 modulationibus,

208 2153 268 2184 ne
302 2134 525 2186 fidelium
561 2140 716 2205 magis
750 2137 1011 2188 videantur
1049 2137 1247 2188 auribus
1294 2140 1490 2207 prurire
1507 2173 1529 2196 ,-

211 2210 360 2274 quam
377 2211 484 2275 pios
504 2211 556 2257 in
574 2207 743 2259 Deum
772 2208 965 2259 affecius
996 2211 1213 2259 excitare
1232 2247 1245 2262 .,

1337 2420 1517 2473 CAP.

1571 314 1736 391 luch-av.
1747 352 1801 392 36.

1569 1151 1781 1243 Annibx665·
