2043 2958
418 255 515 284 210
886 238 1256 287 APPENntx

417 309 522 345 donec
538 305 657 353 faerit
673 308 859 357 resolutum
883 312 921 345 in
944 312 1063 346 eadem
1077 312 1194 347 Sacra
1207 309 1486 357 Congregatione
1502 333 1513 352 ‚
1544 320 1588 346 an
1610 308 1731 356 fuerit

415 361 551 396 violata
564 361 775 396 lmmunitas
793 387 803 404 ‚
828 360 1040 409 Jurisdiffio
1057 390 1068 407 ,
1090 363 1153 399 vel
1174 363 1325 398 libertas
1339 359 1572 408 Ecclesiastico
1587 387 1599 405 ,
1628 360 1665 400 ἐς
1683 371 1729 396 an

411 412 460 460 fit
483 412 574 447 locus
599 413 872 459 reintegrationi
886 440 897 457 ,
912 415 1028 460 juxta
1039 415 1333 456 declarationem,
1361 413 1508 448 allatam
1531 413 1570 448 in
1584 413 1735 460 supra..-

422 463 596 510 recenfitis
609 464 772 500 Decretis
784 466 922 501 Urbani
933 468 1050 504 VIII.

527 514 672 562 Insuper
694 528 770 552 cum
785 518 885 554 A.C.
900 529 942 553 ex
951 518 1188 563 facultatibus
1200 546 1210 564 ‚
1222 516 1289 563 sibi
1303 516 1450 565 conceffis
1461 542 1473 561 ,
1481 516 1528 564 sit
1545 523 1738 563 exequutor

421 567 576 602 omnium
591 566 780 604 literarum
792 567 1071 617 Apostolicarum
1083 598 1094 615 ‚
1123 571 1280 618 velfolus
1299 598 1310 613 ,
1325 581 1401 606 cum
1416 569 1484 604 alii
1499 567 1660 614 nonfitnt
1674 566 1737 601 de-

418 620 545 664 putati
573 620 812 664 Executores‚
838 621 900 656 vel
917 624 1157 669 quandosunt
1189 624 1378 669 deputati,
1405 620 1620 657 cumulative
1663 628 1739 654 cum

424 666 505 716 iffis
521 694 532 713 ‚
556 680 662 718 atque
685 673 794 706 etiam
801 672 850 719 sit
869 684 1063 721 exequutor
1089 677 1238 710 ominum
1252 674 1514 718 sententiarum
1527 698 1538 716 ‚
1565 681 1640 707 taen
1667 672 1736 705 itt-³

422 721 539 758 Curia
551 748 563 767 ,
583 724 686 771 quam
702 733 828 767 extra,
837 733 904 771 per
920 726 1056 772 quofhis
1079 726 1229 775 J.-t.lices
1251 725 1473 772 prolatarum
1488 738 1503 765 ,-
1529 735 1568 759 ac
1594 723 1734 759 tandem

424 774 607 809 concedere
617 774 733 820 soleat
754 778 944 812 monitoria
955 777 1068 825 super
1083 779 1316 826 exequutione
1342 777 1587 824 resolutionum
1602 776 1635 810 S
1637 784 1739 809 acra-

421 836 502 860 rum
517 825 837 872 congregationum
850 854 861 872 ‚
876 829 1060 865 Sanflitas
1077 832 1154 866 Sua
1172 831 1332 865 decrevit
1347 856 1356 873 ,
1388 830 1479 875 quod
1498 826 1685 877 monitoria
1700 825 1741 859 in

423 876 614 914 Tribunali
635 877 688 914 A.
703 878 747 914 C.
764 878 876 925 super
902 884 1134 926 exequutione
1161 882 1352 916 literarum
1366 879 1645 928 Apostolicorum
1673 886 1740 911 non

424 929 664 974 expediantur
679 955 690 973 ‚
724 927 792 973 ⁷l²fi
815 931 975 966 exhibito
1004 931 1163 977 legitimo
1177 933 1376 967 documento
1391 931 1588 966 earumdem
1613 929 1742 965 litera-

426 990 505 1014 rum
519 979 799 1027 Apostolicarum
815 1008 825 1018 .
859 981 986 1031 Qoad
997 985 1080 1018 vero
1079 983 1284 1028 sententias
1297 1008 1308 1025 ‚
1335 984 1518 1017 monitoria
1546 993 1612 1017 non
1626 990 1744 1014 conce-

427 1030 562 1066 dantur
576 1056 587 1074 ‚
613 1029 681 1075 nisi
695 1033 829 1076 praevio
850 1034 1051 1066 documento
1067 1034 1209 1077 publico
1224 1034 1395 1067 Affuarii
1414 1032 1533 1077 Causae
1548 1043 1624 1066 cum
1646 1030 1743 1074 lega-

425 1082 533 1117 litate
550 1082 744 1118 Ordinarii
757 1106 768 1124 ‚
790 1080 829 1120 dff'
841 1082 953 1129 quoad
967 1082 1108 1117 decreta
1120 1083 1533 1128 Sac.Congregationum
1551 1082 1743 1117 exhibean-

425 1142 491 1169 tur
523 1135 624 1180 copi-e
639 1132 852 1181 subscriptx
876 1135 897 1169 ὰ
925 1134 1132 1170 Secretario
1158 1146 1235 1170 cum
1260 1134 1394 1180 sigillo
1409 1134 1617 1171 Cardinalis
1634 1132 1740 1168 *Prte-

421 1184 507 1230 feffi‘
529 1197 545 1224 ,ς
573 1197 635 1222 nec
653 1184 776 1233 poffint
800 1184 997 1232 hujusmodi
1023 1188 1210 1222 monitoria
1210 1187 1324 1233 super
1338 1187 1574 1234 exequutione
1589 1184 1744 1231 senten-

428 1237 567 1273 tiarum
583 1262 595 1281 ,
618 1237 680 1272 vel
702 1238 920 1274 decretorum
945 1239 1055 1275 aliter
1066 1240 1251 1287 expediri,
1280 1239 1388 1274 etiam
1412 1236 1625 1285 stfi‘ntenti
1639 1250 1653 1272 e
1669 1262 1680 1279 ‚
1705 1235 1743 1276 ἐς

433 1289 585 1324 decreta
604 1287 745 1335 publice*
758 1291 852 1336 typis
874 1290 1041 1336 evulgata
1052 1291 1196 1337 fiterint
1210 1316 1221 1334 ‚
1247 1291 1308 1326 vel
1329 1292 1367 1325 in
1382 1290 1484 1325 libris
1499 1287 1661 1335 impressa
1686 1299 1747 1323 re-

422 1339 618 1386 serantur,
642 1339 681 1380 ᾤ’
708 1342 746 1376 in
760 1341 864 1376 diff-is
878 1342 1076 1379 monitoriis
1095 1352 1292 1390 apponatur
1306 1341 1472 1388 clausula,
1485 1340 1664 1376 dummodo
1679 1351 1745 1374 non

431 1394 553 1437 vigeat
566 1392 627 1436 lis,
639 1392 753 1428 adhuc
768 1394 923 1439 pendens
937 1419 948 1438 ,
963 1407 1077 1430 coram
1089 1395 1222 1443 Judice
1246 1394 1454 1440 competenti
1470 1392 1580 1439 super
1593 1391 1746 1437 senten-

431 1444 488 1478 tia
503 1469 515 1487 ‚
534 1443 596 1479 vel
607 1443 923 1491 Constitutionihus
939 1445 1148 1497 Apostolicis
1160 1472 1171 1490 ‚
1192 1455 1256 1482 aut
1272 1445 1424 1481 decretis
1440 1445 1637 1484 Sacrarum
1650 1443 1745 1480 Con-

428 1498 679 1542 gregationum
698 1520 709 1539 ‚
737 1493 779 1532 de
801 1496 927 1543 quibus
943 1498 1063 1542 agitur
1077 1522 1088 1534 .

541 1546 642 1599 Qia
662 1549 746 1583 vero
772 1547 901 1583 inoluit
925 1549 1049 1596 abusus
1066 1575 1078 1594 ,
1103 1551 1194 1598 quod
1215 1549 1447 1586 citationibus
1470 1550 1563 1596 typis
1588 1546 1749 1596 impreffis

431 1598 473 1635 in
486 1600 583 1635 vrbe
597 1624 608 1642 ‚
631 1610 707 1634 cum
708 1598 968 1645 subscriptione
991 1601 1144 1648 alicujus
1169 1615 1213 1637 ex
1224 1602 1403 1639 Notariis
1423 1601 1478 1638 A.
1496 1602 1540 1638 C.
1556 1626 1568 1644 ‚
1597 1611 1672 1648 quae
1693 1599 1751 1634 di-

434 1659 567 1686 cuntur
580 1650 782 1686 Camerales
798 1674 810 1693 ,
835 1661 977 1698 quaeque
988 1652 1193 1688 introduftae
1212 1653 1305 1698 sunt
1320 1654 1366 1687 ad
1377 1653 1437 1688 hoc
1451 1679 1463 1696 ‚
1487 1662 1528 1688 ut
1541 1653 1670 1688 Partes
1683 1652 1750 1687 ab-

425 1700 550 1747 sentes
572 1703 593 1736 ὰ
618 1701 732 1738 Curia
757 1701 940 1746 citentur,
968 1713 1010 1738 ut
1033 1713 1252 1751 compareant
1279 1714 1394 1739 coram
1415 1704 1468 1741 A.
1486 1703 1530 1740 C.
1550 1729 1562 1747 ‚
1577 1703 1646 1750 seu
1672 1704 1749 1750 ejus

437 1754 712 1789 Locumtenente
735 1754 775 1788 in
787 1754 941 1799 judiciis
967 1757 1223 1803 exequutivis‚
1232 1754 1300 1801 seu
1322 1755 1596 1801 obligationibus
1623 1754 1752 1791 Came-

438 1804 573 1841 ralibus
595 1830 606 1848 ‚
633 1806 674 1840 in
701 1805 777 1852 ejus
801 1805 990 1841 Tribunali
1011 1808 1281 1853 promovendis,
1309 1816 1463 1844 utantur
1489 1806 1682 1850 Canales,
1711 1806 1750 1847 ὢ*

439 1857 570 1894 Partes
585 1857 625 1892 in
636 1855 816 1904 aliquibus
829 1854 949 1901 Causts
961 1859 1237 1906 appellationum
1261 1858 1304 1895 ab
1322 1859 1534 1896 ordinariis
1549 1884 1561 1902 ‚
1593 1857 1631 1896 <5
1645 1861 1752 1895 etiam

439 1910 596 1945 audeant
619 1909 668 1943 iis
691 1909 748 1945 uti
768 1910 808 1944 in
820 1908 938 1956 Causts
963 1923 1076 1947 coram
1089 1913 1217 1948 Sacris
1231 1912 1573 1958 congregationibus
1588 1937 1600 1955 ‚
1626 1911 1752 1947 adeout

439 1969 508 2007 per
529 1961 790 1997 intimationem
810 1962 851 1996 in
874 1962 1047 1999 Partibus
1074 1964 1270 2010 hujusmodi
1296 1964 1504 1999 citationum
1525 1974 1602 1999 cum
1624 1963 1753 2010 apposi-

442 2012 539 2048 tione
560 2012 784 2048 inhibitionis
801 2036 814 2056 ,
840 2013 1094 2050 deterreantur
1106 2014 1259 2062 Judices
1282 2016 1303 2050 a
1327 2015 1456 2062 quibus
1474 2016 1687 2063 procedere,
1712 2012 1752 2052 ὅ

446 2064 582 2100 Partes
592 2088 595 2089 γ
599 2064 745 2110 judicia
767 2066 970 2101 continuare
987 2078 1101 2102 coram
1112 2067 1216 2102 diffis
1234 2067 1365 2114 primis
1376 2067 1567 2116 Judicibus
1587 2092 1599 2111 ‚
1625 2064 1663 2105 ἐς
1677 2066 1755 2102 Or-

442 2115 598 2150 dinariis
625 2112 785 2159 destnant
800 2142 812 2160 ‚
841 2116 881 2150 ob
907 2120 1143 2154 reverentiam
1173 2119 1379 2155 Tribunalis
1390 2117 1444 2155 A.
1460 2120 1503 2157 C.
1520 2145 1531 2164 ‚
1559 2117 1598 2158 ἐς
1613 2116 1751 2162 fi’rtiits·

442 2167 559 2203 Sacra
565 2177 641 2202 rum
656 2167 974 2214 Congregatiouum
985 2196 996 2214 ‚
1011 2168 1049 2209 ᾤ’
1061 2171 1101 2206 ob
1113 2172 1274 2207 timorem
1286 2171 1446 2218 incursus
1460 2179 1719 2208 attentatorurn
1733 2181 1749 2208 ,-

444 2218 529 2256 Ideo
543 2220 726 2256 Sanffitas
735 2221 814 2255 Sua
829 2222 1016 2257 mamlavt't
1027 2247 1039 2266 ‚
1064 2224 1157 2270 quo'd
1163 2232 1230 2270 per
1240 2224 1500 2260 intimationem
1513 2222 1682 2258 diffarum
1697 2221 1753 2256 ci-

449 2271 625 2306 tationum
650 2296 662 2315 ‚
701 2270 762 2318 etsi
786 2275 823 2308 in
852 2273 900 2308 iis
923 2282 1120 2321 apponatur
1145 2274 1296 2322 clausula
1320 2275 1532 2311 inhibitoria
1559 2299 1572 2318 ‚
1606 2284 1672 2309 non
1699 2273 1759 2309 in·-

447 2321 637 2368 telligatur
661 2323 734 2359 ulla
748 2324 914 2361 inhibitio
919 2325 1017 2371 suffla
1030 2352 1043 2370 ,
1065 2336 1130 2362 aut
1143 2327 1347 2375 interposita
1361 2353 1372 2371 ‚
1398 2329 1452 2363 ita
1479 2336 1520 2362 ut
1539 2326 1667 2373 sperni
1688 2325 1756 2360 im-

444 2376 539 2419 pune
553 2374 672 2411 valeat
684 2401 698 2421 ‚
723 2388 762 2412 ac
786 2376 911 2414 debeat
924 2379 965 2414 in
977 2378 1245 2427 quibuscumque
1257 2377 1378 2425 Caufis
1401 2380 1442 2416 in
1455 2379 1582 2418 Sacris
1598 2377 1757 2422 Congre-

1607 2439 1767 2475 gationi-
