2043 2958
478 245 576 291 280
928 239 1304 290 'Appennix

169 316 339 349 censentur
354 327 450 367 „quae
476 315 529 353 est
543 327 558 354 ,-
570 313 705 351 verum
722 310 842 350 etiam
856 322 921 350 eos
932 337 944 354 ‚
958 309 1022 361 qui
1035 311 1177 348 stantes
1192 309 1231 347 in
1250 307 1435 357 Ecclesia,
1446 307 1510 348 vel
1525 307 1784 356 Coemeterio,

173 360 397 409 lmmunjtaus
479 364 719 404 interficiunt
747 365 890 402 stantes
914 372 1022 401 extra
1037 362 1246 401 Ecclesiam
1259 388 1272 408 ,
1299 363 1361 401 vel
1377 361 1664 402 Coemeterium
1677 389 1690 409 ,
1717 370 1784 400 aut

171 401 332 475 ''222220
345 412 454 478 ἐξὲξ,
480 419 563 467 ipiis
589 418 807 455 membrum
832 414 1016 454 mutilant
1041 425 1051 453 ε
1088 426 1240 454 necnon
1276 426 1342 453 eos
1369 443 1381 463 ,
1407 416 1470 464 qui
1497 415 1639 454 stantes
1675 423 1785 452 extra

174 454 300 518 {untur
315 508 324 520 ,
482 470 695 509 Ecclesiam
710 496 721 514 ,
751 476 816 506 aut
832 467 1114 507 Coemeterium
1131 494 1144 513 ,
1171 466 1353 506 occidunt
1373 469 1513 506 stantes
1528 467 1634 506 intra
1649 466 1785 505 Eccle-

481 522 575 560 siam
589 548 601 568 ,
633 521 693 559 vel
706 520 992 560 Coemeterium
1007 546 1020 566 ,
1040 528 1105 558 aut
1122 517 1169 558 iis
1185 520 1405 558 membrum
1422 520 1607 559 mutilant
1625 530 1635 558 :
1658 529 1702 556 ac
1720 530 1784 556 eos

481 574 639 613 tandem
653 600 667 618 ‚
693 586 756 623 qui
769 569 1081 623 confugientibus
1097 572 1179 609 vim
1194 572 1365 613 inferunt
1377 599 1389 618 ‚
1415 581 1528 622 atque
1541 571 1638 621 ipsos
1654 570 1702 609 ab
1714 569 1786 609 Ec-

480 626 595 664 clefia
613 653 624 671 ‚
641 625 767 663 aliove
783 627 873 663 loco
889 625 1057 662 immuni
1072 621 1263 661 violenter
1278 627 1500 670 extrahunt,
1521 625 1559 664 &
1574 623 1785 661 abducunt:

476 678 736 716 Declarantes
757 688 796 715 in
819 684 982 726 quatuor
995 674 1186 726 praemifiis
1201 676 1344 715 casibus
1355 675 1540 723 ejusmodi
1556 675 1678 720 Reos,
1707 684 1783 711 non

475 729 579 767 illius
606 733 763 767 tautum
789 728 960 767 heclefiae
972 755 985 774 ,
1011 739 1129 777 quam
1147 728 1342 766 violarunt
1360 756 1371 773 ‚
1401 727 1465 766 sed
1491 726 1785 775 cujuscumque)

475 781 596 819 etiam
613 782 772 819 alterius
792 781 967 820 Ecclefiae
983 779 1233 819 lmmumtate
1255 781 1425 834 gaudere
1441 790 1684 831 nequaquam
1700 777 1784 826 pos·-

474 833 534 878 se,
555 842 619 872 aut
635 833 799 871 debere.

587 884 655 924 Ad
678 887 755 922 haec
782 885 820 922 in
848 883 1012 922 crimine
1034 885 1231 924 Alsaffinii
1253 899 1330 924 non
1354 885 1474 923 modo
1490 878 1784 926 mandatarios,

473 934 539 984 qui
566 935 605 973 in
635 935 794 985 ipsamet
807 935 1051 987 Gregoriana
1065 936 1352 976 Constitutione
1365 937 1492 985 aperte
1515 932 1786 982 excipiuntur,

473 987 536 1024 sed
564 987 681 1023 etiam
698 987 933 1024 mandantes
950 1012 962 1030 ‚
984 999 1050 1034 qui
1075 999 1223 1026 certum
1238 990 1433 1036 praemium
1448 1014 1459 1031 ‚
1482 995 1547 1024 aut
1562 983 1785 1021 mercedem

470 1039 548 1075 sive
564 1039 601 1074 in
616 1038 789 1085 pecunia,
804 1037 881 1073 sive
899 1039 938 1072 in
952 1038 1036 1073 aliis
1054 1039 1168 1076 rebus
1182 1038 1428 1082 tradiderint,
1443 1046 1506 1075 aut
1523 1034 1784 1085 promiserint,

472 1100 650 1139 quamvis
673 1086 871 1137 promissio
898 1089 1045 1125 nullum
1061 1089 1235 1127 habuerit
1248 1088 1423 1127 effectum
1439 1116 1451 1134 ‚
1477 1086 1693 1126 dummodo
1707 1085 1785 1125 As-

470 1140 662 1179 sassinium
680 1152 717 1178 re
733 1140 809 1189 ipra
823 1148 1020 1188 patratum
1033 1140 1148 1178 fuerit
1161 1169 1172 1187 ‚
1199 1143 1247 1180 ab
1265 1141 1532 1180 Ecclefiasticae
1546 1137 1784 1177 Immunita-

471 1193 522 1231 tis
545 1191 736 1230 beneficio
759 1192 998 1231 excludimus
1012 1221 1024 1238 ,
1038 1203 1082 1229 ac
1102 1206 1169 1243 pro
1183 1195 1342 1233 exclufis
1360 1193 1545 1245 perpetuo
1559 1187 1693 1229 haberi
1711 1201 1785 1228 vo-

470 1245 622 1287 lumus,
645 1242 930 1281 &mandamus
947 1271 956 1282 .

580 1294 829 1333 Excludimus
842 1295 986 1344 pariter
998 1322 1009 1340 ‚
1023 1296 1257 1344 repellimus,
1273 1305 1390 1346 atque
1401 1295 1599 1348 privamus
1614 1292 1781 1341 ejusdem

472 1344 743 1386 Immunitatis
767 1347 973 1398 privilegio
989 1347 1265 1388 interficientes
1293 1351 1512 1399 proximum
1529 1348 1633 1385 suum
1649 1344 1781 1383 animo

472 1398 743 1449 praemeditato
757 1424 768 1442 ,
785 1410 828 1435 ac
842 1400 1065 1436 deliberato.
1082 1398 1345 1439 Falsificantes
1362 1401 1510 1439 Literas
1526 1396 1780 1447 Apostolicas:

473 1449 676 1488 Ministros
691 1449 842 1487 Montis
858 1450 1019 1488 Pietatis
1035 1476 1046 1494 ,
1074 1452 1137 1487 vel
1155 1452 1312 1490 alterius
1336 1450 1478 1502 publici
1503 1448 1663 1490 Telonii
1680 1475 1692 1493 ,
1717 1454 1783 1485 aut

473 1500 594 1540 Banci
620 1513 688 1551 pro
704 1500 880 1550 depositis
896 1501 1079 1550 Principis
1093 1528 1104 1546 ‚
1121 1502 1436 1552 privatarumque
1453 1502 1699 1552 personarum
1714 1498 1783 1537 de·

474 1554 605 1591 stinati
619 1580 630 1598 ‚
658 1553 806 1591 furtum
820 1582 831 1599 ‚
856 1563 922 1592 aut
935 1554 1144 1591 falsitatem
1166 1555 1205 1593 in
1222 1554 1408 1605 praedictis
1425 1556 1517 1593 locis
1529 1552 1783 1591 committen-

476 1615 534 1643 tes
549 1631 560 1649 ,
573 1607 675 1650 cujus
689 1605 840 1642 ratione
853 1617 938 1643 arca
952 1605 1171 1653 pecuniaria
1189 1609 1242 1645 ita
1259 1606 1473 1653 minuatur,
1487 1614 1527 1644 ut
1545 1616 1664 1656 poenae
1677 1602 1784 1639 ordi-

476 1657 589 1694 nariae
606 1656 713 1693 locus
728 1656 769 1692 sit
785 1668 794 1692 ε
808 1656 1049 1700 conflantes,
1062 1656 1324 1697 adulterantes
1339 1687 1351 1705 ‚
1366 1660 1429 1697 vel
1446 1658 1653 1697 tondentes
1672 1653 1781 1702 quas-

474 1718 639 1756 cumque
659 1717 839 1745 monetas
863 1718 1020 1752 aureas‚
1047 1707 1109 1744 vel
1126 1718 1331 1759 argenteas
1348 1735 1360 1754 ‚
1388 1709 1506 1747 etiam
1533 1706 1781 1755 Principum,

469 1767 712 1802 exterorum,
727 1760 1038 1806 quotiescumque
1053 1758 1093 1794 in
1106 1758 1193 1796 loco
1207 1787 1218 1804 ‚
1231 1769 1296 1798 aut
1308 1760 1508 1798 Provincia
1520 1786 1532 1805 ‚
1549 1759 1612 1797 ubi
1629 1758 1778 1795 crimen

475 1810 694 1849 admittitur
709 1835 720 1854 ‚
736 1810 898 1848 liberum
912 1810 1080 1847 habeant
1094 1809 1217 1856 usum,
1232 1812 1269 1849 St
1284 1812 1564 1849 commercium
1580 1809 1666 1848 :vel
1682 1808 1778 1856 ipsas

473 1870 652 1900 monetas
678 1862 865 1900 conflatas
879 1890 890 1907 ‚
917 1862 1176 1908 adulteratas,
1203 1872 1270 1901 aut
1285 1864 1461 1901 detonsas
1472 1862 1633 1901 scienter
1645 1861 1699 1898 ita
1714 1871 1780 1898 ex-

473 1916 664 1965 pendere,
689 1913 724 1949 &
738 1925 900 1966 erogare
915 1913 1183 1964 praesumentes
1199 1941 1210 1959 ‚
1233 1923 1275 1953 ut
1287 1914 1431 1953 fraudis
1445 1913 1609 1958 conscii,
1633 1920 1778 1961 atque-2

472 1967 678 2015 participes
693 1965 834 2004 censeri
850 1968 986 2015 possint
1004 1965 1118 2005 :Illos
1131 1966 1305 2013 demum,
1317 1968 1382 2017 qui
1400 1968 1464 2006 sub
1480 1966 1638 2004 nomine
1652 1963 1776 2003 Curiae

472 2018 545 2056 sese
570 2016 818 2055 introducunt
833 2019 870 2055 in
889 2018 1032 2055 alienas
1045 2017 1184 2057 domos
1196 2046 1209 2064 ‚
1221 2021 1352 2057 animo
1367 2018 1514 2058 ibidem
1530 2013 1773 2067 perpetrandi

472 2069 623 2116 rapinas
638 2096 649 2114 ,
662 2068 796 2117 easque
810 2081 851 2107 re
866 2069 940 2118 ipsa
956 2070 1209 2109 committunt
1223 2083 1312 2110 cum
1326 2068 1557 2114 homicidio,
1570 2076 1636 2107 aut
1653 2066 1774 2105 muti—

470 2121 617 2159 latione
630 2121 895 2159 membrorum
909 2121 1067 2166 alicujus
1081 2133 1126 2159 ex
1140 2121 1360 2161 domesticis
1373 2121 1598 2161 earumdem
1610 2118 1746 2156 aediurn
1759 2143 1772 2162 2

471 2172 535 2211 vel
561 2170 681 2210 etiam
708 2173 904 2220 extranei,
932 2185 1046 2223 quern
1058 2173 1110 2210 ibi
1123 2173 1222 2212 forte
1237 2174 1393 2223 reperiri
1407 2173 1615 2222 contigerit
1631 2198 1642 2216 ‚
1658 2170 1771 2208 dum·

467 2223 588 2263 modo
602 2222 855 2262 homicidium
871 2252 882 2270 ‚
898 2228 959 2265 vel
973 2225 1235 2264 membrorum
1250 2224 1449 2264 mutilatio
1462 2226 1637 2274 sequatur
1652 2250 1662 2261 .
1709 2271 1717 2279 ι

571 2275 760 2315 Ceterum
775 2303 786 2321 ,
812 2289 899 2315 cum
922 2275 1104 2316 diuturna
1121 2279 1355 2328 experientia
1369 2285 1610 2327 compertum
1623 2275 1739 2312 fuerit
1756 2298 1769 2317 ‚

465 2326 603 2366 Curias
616 2327 892 2367 Ecclesiasticas
910 2333 946 2367 in
963 2331 1107 2368 casibus
1122 2357 1133 2375 ‚
1149 2330 1213 2379 qui
1226 2331 1409 2367 haetenus
1423 2335 1632 2366 evenerunt
1645 2353 1655 2370 ‚
1668 2325 1771 2364 diffi-

464 2380 588 2418 culter
599 2379 761 2430 probare
775 2407 789 2429 ‚
815 2381 854 2421 &
876 2382 1152 2432 consequenter
1169 2382 1364 2423 declarare
1378 2378 1541 2430 potuisse
1556 2378 1738 2418 delictum
1755 2406 1769 2424 ,

1699 2442 1767 2480 pso
