2043 2958
586 227 646 255 Ao
668 207 954 258 Cominium
974 207 1236 258 ROMANUM
1257 244 1269 257 .
1494 213 1585 271 163

275 274 430 316 coelitus
455 277 705 318 authoritatis
729 280 896 330 praefidio
912 290 1116 326 tueamur,
1144 279 1242 319 unde
1257 281 1417 325 uberes,
1445 287 1591 329 αἴρας)

276 326 411 369 suaves
439 331 477 369 in
501 331 740 370 militantem
768 333 977 372 Ecclesiam
1004 333 1149 371 fructus
1174 333 1319 384 jugiter
1350 331 1590 382 profluxisse,

275 382 532 435 quotidieque
557 384 744 433 profluere
772 396 1014 434 compertum
1043 386 1120 423 est.
1151 384 1233 424 Hos
1255 385 1359 424 inter
1385 387 1591 435 praecipuus
1652 398 1895 439 Regulartum,

272 433 362 469 iane
378 435 484 474 locus
504 438 587 482 jure
602 436 763 474 debetur
777 437 916 476 Ordini
930 465 941 482 ‚
966 449 1082 487 quem
1098 449 1261 486 magnus
1276 438 1342 476 ille
1355 437 1592 476 Occidenta-
1618 441 1650 472 δε
1668 443 1810 482 precipue
1823 443 1896 472 Mo-

273 481 370 524 lium
395 488 684 526 Monachorum
710 489 876 534 Parcus,
905 488 1200 539 Catholicaeque
1226 490 1397 528 Ecclesiae
1425 489 1589 528 lumen-2
1617 485 1791 514 nachorum
1807 487 1896 516 Ordo

273 532 613 585 splendidiflimum
628 568 639 586 ‚
653 541 879 580 Benedictus
896 541 1085 589 instituit,
1113 542 1150 580 ὃε
1170 553 1234 592 per
1250 542 1447 581 Alumnos
1461 542 1545 581 suos
1569 553 1591 580 a
1616 527 1766 558 laudatur
1782 548 1791 556 ·

273 591 498 645 mariusque
513 593 561 631 ad
575 604 685 631 mare
703 627 712 640 ε
724 592 762 631 ὅ(
777 595 892 643 usque
905 594 953 633 ad
968 596 1157 634 terminos
1171 594 1288 634 Orbis
1307 603 1498 632 terrarum
1516 595 1594 633 mi-

271 641 377 680 rifice
402 646 652 694 propagavit.
683 646 800 692 Cujus
820 646 979 696 quidem
1007 648 1135 694 Sacri,
1156 648 1195 686 δέ
1215 645 1488 695 religiofiffimi
1514 646 1593 686 Or-

269 692 372 732 dinis
390 698 738 747 profefloresquain
755 700 898 737 eximio
915 698 1345 738 universamEcclesiam
1362 700 1592 738 cunctarum

271 745 581 787 Christianarum
600 750 790 787 virtutum
806 751 960 802 fulgore
973 752 1247 790 illustraverint
1262 778 1274 795 ‚
1291 752 1484 800 quamque
1497 762 1593 800 prae-

271 800 374 837 clare
402 802 448 838 de
473 802 708 840 orthodoxa
725 801 928 851 Religione
947 830 959 848 ,
985 804 1108 850 deque
1130 806 1202 841 hac
1225 803 1302 851 ipsa
1327 802 1465 839 Sancta
1494 802 1594 842 Sede

269 851 380 888 omni
407 861 581 901 tempore
607 854 738 888 meriti
762 853 912 892 fuerint
929 880 940 898 ‚
967 853 1129 892 illustria
1146 855 1415 891 Romanorum
1431 853 1594 891 Pontifi-

270 914 360 940 cum
378 901 694 942 Praedecessorum
712 903 944 944 Nostrorum
965 906 1151 955 praeconia
1165 932 1178 951 ,
1201 905 1240 945 ὃ(
1255 914 1512 943 monumenta
1531 914 1594 943 te-

273 955 419 994 stantur
437 983 445 993 .
461 955 729 1004 Quamobrem
749 955 786 993 Sc
800 959 1003 996 charitatis
1017 958 1172 996 stimulo
1185 969 1379 1006 urgemur,
1393 955 1593 1002 &justitiae

273 1005 361 1054 lege
387 1008 659 1055 compellimur
684 1007 848 1055 praedicli
864 1009 1050 1054 Ordinis,
1080 1013 1118 1048 ὃς
1143 1009 1470 1057 Congregationis
1495 1021 1591 1058 prae-

275 1057 407 1096 sertim
419 1057 696 1101 Casinenfis,ac
713 1059 1060 1106 Monasteriorum,
1075 1061 1130 1098 illi
1146 1060 1591 1105 subjectorumsseiicem,

277 1110 574 1160 prosperumque
601 1111 740 1148 statum
764 1113 872 1150 omni
898 1124 988 1150 cura
1010 1139 1022 1158 ,
1050 1113 1088 1151 ὃς
1113 1112 1318 1161 vigilantia
1352 1114 1562 1161 provehere
1578 1139 1591 1157 ‚

279 1172 342 1199 eoi·
352 1174 490 1211 umque
506 1162 605 1198 bona
620 1188 632 1206 ‚
647 1162 730 1206 jura
749 1189 760 1206 ‚
774 1164 810 1202 ὃ(
825 1164 1027 1212 privilegia
1040 1175 1288 1213 quoecumque
1303 1164 1404 1201 sarta
1423 1166 1539 1208 reeta,
1552 1166 1591 1203 8<

278 1213 429 1251 illibata
445 1212 634 1250 custodire
647 1237 658 1256 ‚
672 1224 716 1250 ac
731 1214 776 1252 iis
792 1217 912 1253 etiam
929 1242 940 1260 ‚
957 1227 1036 1264 quae
1049 1228 1118 1264 pro
1135 1216 1293 1253 illorum
1308 1214 1566 1254 indemnitate
1578 1243 1590 1260 ,

276 1264 316 1302 δέ
329 1266 458 1313 quiete
473 1264 576 1301 recst'e
591 1290 603 1308 ‚
630 1274 676 1300 ac
701 1266 861 1313 provide
877 1268 1085 1304 constituta
1110 1265 1218 1304 fuisse
1232 1267 1492 1315 comperimus
1507 1295 1519 1313 ‚
1549 1275 1592 1305 ut

276 1314 427 1355 firmius
442 1316 636 1353 iubfistant
653 1342 665 1360 ,
679 1317 716 1355 ἃ
728 1318 918 1368 perpetuis
935 1318 1073 1357 futuris
1087 1319 1326 1367 temporibus
1340 1319 1593 1357 observentur

277 1370 468 1413 exactius,
493 1367 724 1417 Apostolicae
749 1369 1057 1408 confirmationis
1084 1370 1224 1414 robur,
1247 1379 1362 1418 atque
1386 1372 1591 1409 munimen

277 1419 444 1467 adjicere
460 1447 471 1465 ‚
495 1428 680 1468 quatenus
694 1422 921 1459 eorumdem
939 1421 1222 1461 Coenobiorum
1238 1421 1427 1460 Monachi
1454 1423 1593 1461 nulla.›

275 1485 315 1510 re
331 1500 343 1518 ‚
371 1484 449 1522 quae
480 1483 545 1510 eos
568 1482 590 1508 a
616 1472 797 1523 religioso
814 1475 1006 1523 proposito
1024 1501 1035 1518 ‚
1060 1474 1266 1522 divinoque
1290 1475 1396 1512 cultu
1421 1482 1592 1520 avocet,

274 1523 488 1573 praepediti,
502 1522 709 1562 secundum
728 1526 917 1576 regularia
935 1526 1077 1575 praefati
1095 1523 1255 1565 Ordinis
1274 1525 1461 1572 instituta,
1478 1536 1590 1565 tran-

275 1576 403 1624 quillis
418 1575 613 1613 mentibus
630 1601 642 1620 ‚
668 1585 823 1625 gratum
837 1577 1039 1616 Altiffimo
1054 1577 1277 1627 impendere
1301 1577 1438 1628 possint
1463 1579 1592 1616 famu-

274 1628 396 1667 latum
410 1656 419 1666 .

381 1680 603 1729 Expositum
618 1679 804 1728 siquidem
821 1681 945 1721 Nobis
959 1696 1076 1733 nuper
1091 1682 1164 1720 fuit
1181 1693 1248 1731 pro
1261 1692 1367 1733 parte
1381 1681 1512 1721 dilecsti
1532 1681 1596 1722 Fi-
1663 1702 1809 1744 Amtquae
1824 1704 1900 1734 Mo-

276 1732 319 1770 lii
342 1732 605 1770 Procuratoris
621 1732 823 1771 Ge'neralis
848 1735 1050 1773 antedie'tae
1067 1735 1397 1786 Congregationis
1410 1733 1594 1773 Casinen-
1622 1746 1747 1775 nasterii
1762 1769 1771 1782 ,
1787 1747 1819 1776 δι
1836 1747 1901 1776 Ab·

278 1784 325 1822 sis
341 1811 352 1828 ‚
375 1784 477 1833 qu0d
493 1810 504 1828 ,
519 1783 610 1822 licet
623 1783 791 1822 Ecclesia
804 1785 1028 1824 Abbatialis
1046 1786 1166 1830 Sacri,
1187 1785 1225 1823 ὃί
1242 1785 1482 1825 celeberrimi
1502 1788 1595 1825 Mo-
1622 1788 1704 1817 batis
1721 1788 1867 1836 ‚Montis

279 1837 446 1880 misterii,
461 1849 481 1874 a
497 1837 534 1874 S.
548 1834 756 1873 Benedieio
769 1835 808 1873 in
823 1837 963 1875 Monte
976 1837 1116 1877 Cafino
1135 1838 1311 1882 fundati,
1326 1841 1365 1875 in
1387 1838 1590 1877 Provincia
1623 1829 1728 1890 C.²{s¹¹¹¹
1741 1840 1900 1871 praeroga-

276 1887 450 1926 Romana
475 1889 523 1926 ab
538 1885 828 1934 antiquissimo,
851 1900 894 1926 ac
909 1887 1214 1929 immemorabili
1243 1898 1417 1939 tempore
1439 1891 1591 1929 Catlie-
1619 1879 1717 1903 ‘⁸²‘

275 1939 394 1978 dralis
408 1967 419 1984 ‚
444 1941 504 1978 vel
523 1939 623 1988 quasi
639 1966 650 1983 ‚
675 1938 995 1980 denominatione
1012 1970 1022 1988 ‚
1051 1942 1089 1980 ξε
1109 1943 1360 1991 praerogativa
1373 1941 1503 1992 gavisa
1523 1944 1566 1980 fit
1580 1970 1592 1987 ,

278 1991 518 2042 ejusdemque
533 1989 758 2029 Monasterii
778 1992 910 2032 Abbas
925 2022 936 2038 ‚
951 2007 1018 2042 pro
1034 2004 1208 2042 tempore
1222 1995 1382 2032 existens
1396 2022 1407 2039 ‚
1421 1996 1457 2033 iii
1476 2007 1534 2039 ea,
1551 1994 1590 2031 ἅ

276 2042 364 2082 aliis
389 2042 568 2084 finitimis
586 2042 757 2081 Ecclefiis
771 2070 782 2089 ‚
808 2045 846 2083 a&
860 2044 973 2084 Locis
985 2045 1289 2094 jurisdictionem
1302 2047 1564 2096 Episcopalem
1577 2074 1589 2091 ‚

275 2097 338 2133 vel
367 2098 469 2146 quasi
496 2106 672 2134 exercere
702 2096 970 2138 consueverit:
1001 2100 1132 2148 Quam
1157 2098 1590 2144 saiiejurildietionexm

275 2147 340 2186 fel.
360 2160 434 2186 rec.
452 2150 576 2187 Sixtus
595 2147 695 2195 Papa
709 2148 758 2186 V.
782 2149 1028 2190 Praedeceffor
1045 2152 1183 2190 Noster
1197 2162 1268 2200 prae
1284 2151 1422 2189 ceteris
1437 2150 1592 2199 amplis·

276 2201 369 2238 fitne
395 2200 644 2239 confirmavit
675 2212 740 2248 per
763 2200 844 2240 suas
875 2203 1023 2242 Literas
1051 2201 1322 2254 Apostolicas,
1347 2203 1411 2241 sub
1433 2202 1592 2254 plumbo

278 2254 493 2303 expeditas,
512 2253 656 2291 tenoris
671 2253 871 2302 sequentis,
887 2255 1068 2295 videlicet
1083 2271 1097 2297 5
1618 2278 1817 2312 Constitutfo
1833 2280 1900 2312 sfxa

381 2308 582 2345 SlXTvS
610 2305 796 2354 Epz'fcopus
812 2309 953 2346 Servus
967 2311 1164 2347 Servorum
1176 2309 1252 2346 Dei
1265 2336 1274 2345 .
1301 2307 1370 2347 Ad
1382 2318 1591 2357 perpetuam
1618 2322 1640 2353 ti
1658 2324 1698 2353 v·
1725 2323 1755 2352 in
1770 2322 1900 2353 illorum

285 2360 339 2394 rei
350 2362 550 2398 memoriam
568 2386 577 2396 .
597 2360 815 2406 benignitas
827 2359 1035 2410 Apostolicae
1046 2364 1157 2400 sedis
1182 2361 1356 2409 confflem,
1371 2373 1424 2408 ea,
1438 2375 1513 2412 quae
1522 2371 1591 2409 per
1617 2365 1761 2397 favorem
1778 2384 1787 2395 .

1063 2413 1100 2452 X
1131 2428 1150 2451 2
1524 2414 1596 2454 Ro-
