2043 2958
139 669 311 699 Decretum
334 678 411 698 con-

134 711 233 740 traria
248 711 357 742 omnia
369 711 412 741 ir·

130 751 229 783 rizans
240 774 249 784 .

446 260 540 304 252
788 283 795 300 ι
914 245 1287 294 Appi-:Nom

440 322 592 363 tempus
609 313 858 361 praecedentis
873 313 1076 356 locationis
1090 344 1101 362 ‚
1115 316 1370 357 conceffionis
1382 343 1394 363 ‚
1410 318 1474 356 vel
1490 317 1716 359 investiturae
1731 346 1744 366 ‚

442 365 508 403 ubi
523 366 647 403 adhuc
673 366 775 404 fac'ta
791 378 866 403 non
880 366 997 406 fuerit
1012 369 1163 408 illarum
1179 370 1381 409 renovatio
1397 397 1409 414 ,
1433 370 1471 408 ἃ
1496 373 1714 419 prorogatio
1729 398 1741 417 ,

445 416 507 454 seu
523 427 626 455 nova
642 417 834 455 bonorum
849 445 861 463 ,
873 420 1061 464 &jurium
1079 422 1345 471 praedic‘torum
1359 420 1548 460 conceffio
1565 449 1576 467 ,
1602 422 1753 461 etiamfi

445 469 491 506 ab
506 468 648 506 ultimo
658 469 892 508 conduc‘tore
905 497 916 515 ‚
935 475 1190 523 emphyteuta
1205 502 1216 519 ‚
1231 473 1425 512 livellario
1438 502 1449 519 ‚
1465 485 1509 512 ac
1523 472 1754 519 feudatario,

443 520 505 558 seu
522 521 619 561 alias
643 521 691 558 de
705 523 759 559 eis
774 522 955 561 investito
971 551 983 569 ,
1009 525 1216 565 illorumve
1232 525 1530 576 proximioribus
1546 525 1668 576 petita
1681 552 1694 570 ‚
1715 527 1753 562 bc

442 572 490 609 ab
505 572 680 611 Ecclefiis
691 601 703 619 ‚
717 573 961 613 Monasteriis
975 604 986 621 ‚
1003 577 1195 616 Domibus
1213 606 1224 623 ‚
1238 578 1432 628 Collegiis
1447 605 1458 624 ‚
1474 577 1753 626 Hospitalibus,

440 624 480 662 δε
497 624 610 662 Locis
626 625 695 673 piis
713 653 724 670 ‚
755 628 816 664 vel
829 626 998 676 personis
1022 629 1212 678 praedictis
1233 629 1429 680 denegata
1443 657 1454 675 ‚
1482 629 1544 667 seu
1572 630 1753 667 haetenus

439 676 606 716 minime
622 677 799 716 concessa
814 680 1027 729 reperiatur
1041 708 1052 718 .
1080 681 1343 719 Deceruentes
1367 681 1511 730 pariter
1525 708 1536 727 ,
1557 681 1756 730 quascum-

439 741 512 778 que
534 729 751 767 locationes
769 757 780 775 ‚
806 730 1091 778 conceffiones,
1118 731 1405 772 infeudationes
1430 760 1442 779 ,
1482 732 1751 777 investituras,

440 781 674 829 illarumque
702 784 996 833 prorogationes
1010 812 1022 830 ‚
1050 785 1089 824 &
1119 783 1391 824 renovationes
1419 813 1432 832 ‚
1457 796 1549 834 quas
1577 784 1754 832 deinceps

442 842 579 871 contra
602 833 842 882 praesentium
858 836 1062 875 literarum
1087 845 1289 883 tenorem,
1316 837 1486 875 formam
1505 865 1516 883 ‚
1540 835 1753 885 &dispost-

442 884 591 924 tionem
621 886 948 936 qualitercumque
965 915 976 933 ‚
1011 888 1048 923 ἃ
1064 889 1383 937 quandocumque
1410 888 1493 926 fieri
1519 887 1754 935 contigerit,

441 937 590 985 prorsus
615 938 738 976 nullas
754 966 766 984 ‚
791 938 947 984 irritas,
974 940 1012 978 ἃ
1029 939 1246 983 invalidas,
1276 939 1488 988 nulliusque
1513 939 1686 982 roboris,
1715 938 1754 975 [s

443 991 638 1026 momenti
666 989 774 1034 fore,
799 1002 844 1027 ac
869 991 1013 1027 viribus
1028 1016 1039 1033 ‚
1063 990 1099 1027 ὃ(
1117 989 1254 1027 efferta
1281 991 1446 1028 omnino
1469 1002 1599 1027 carere
1616 1018 1624 1027 .
1656 989 1755 1036 Ipsas

443 1041 541 1076 vero
563 1040 764 1088 praesentes
779 1040 910 1077 literas
935 1041 1054 1077 etiam
1079 1052 1123 1078 ex
1141 1053 1188 1078 eo
1203 1067 1213 1084 ‚
1242 1041 1344 1089 quod
1357 1042 1588 1089 quicumque
1609 1040 1647 1077 in
1666 1051 1758 1089 prae-

443 1089 564 1128 miffis
589 1091 770 1128 interesse
788 1092 1000 1138 habentes,
1021 1087 1082 1129 seu
1108 1092 1252 1130 habere
1277 1092 1570 1141 quomodolibet
1594 1100 1757 1141 praeten-

444 1142 596 1187 dentes‚
610 1142 687 1181 illis
702 1155 780 1181 non
798 1143 1058 1182 consenserint
1078 1171 1089 1189 ,
1103 1156 1174 1182 nec
1187 1143 1235 1182 ad
1250 1156 1295 1182 ea
1310 1144 1464 1189 vocati,
1482 1144 1619 1189 citati,
1636 1144 1675 1182 &
1689 1155 1758 1181 au-

445 1193 545 1239 diti,
570 1206 691 1243 neque
714 1194 830 1233 causae
844 1223 857 1241 ,
887 1204 1041 1245 propter
1059 1208 1151 1245 quas
1168 1196 1366 1245 praesentes
1384 1196 1603 1233 emanarint
1621 1222 1633 1240 ‚
1659 1193 1762 1232 suffi-

447 1245 593 1283 cienter
606 1245 777 1285 adductae
792 1275 804 1293 ,
819 1247 1030 1286 verificatae
1041 1275 1052 1293 ‚
1066 1249 1104 1288 ὃ(
1115 1247 1322 1294 justificatae
1337 1248 1482 1285 fuerint
1494 1274 1505 1292 ,
1526 1256 1591 1284 aut
1609 1258 1658 1284 ex
1672 1246 1751 1284 alia

445 1308 685 1346 quacumque
712 1299 961 1348 quantumvis
981 1301 1076 1345 justa
1091 1326 1103 1344 ,
1129 1299 1303 1347 legitima
1318 1326 1328 1343 ,
1342 1300 1402 1348 pia
1419 1327 1430 1343 ,
1454 1299 1493 1337 δε
1509 1297 1755 1348 privilegiata

444 1348 580 1395 causa,
608 1350 760 1397 colore,
783 1359 992 1400 praetextu,
1020 1351 1058 1389 ἃ
1085 1352 1212 1400 capite
1228 1378 1240 1395 ‚
1271 1352 1393 1389 etiam
1417 1352 1455 1388 in
1480 1361 1640 1398 corpore
1659 1349 1752 1395 juris

443 1400 572 1438 clauso
585 1427 596 1446 ‚
613 1403 722 1439 nullo
737 1414 905 1450 unquam
917 1411 1092 1451 tempore
1110 1402 1156 1440 de
1173 1403 1424 1451 subreptionis
1441 1429 1452 1447 ,
1478 1403 1541 1439 vel
1556 1401 1757 1450 obreptio-

445 1451 502 1488 nis
517 1478 528 1495 ,
543 1461 609 1490 aut
624 1451 819 1491 nullitatis
835 1453 936 1492 vitio
951 1481 963 1498 ,
993 1454 1053 1491 seu
1068 1453 1294 1492 intentionis
1310 1453 1454 1491 Nostrae
1467 1482 1479 1499 ‚
1493 1462 1557 1491 aut
1575 1452 1757 1491 interesse

441 1503 671 1542 habentium
697 1505 902 1552 consensu,
932 1504 1059 1544 aliove
1083 1517 1325 1554 quocumque
1355 1506 1476 1543 etiam
1503 1505 1755 1554 quantumvis

443 1565 591 1605 magno
609 1584 621 1601 ,
648 1556 933 1595 &substantiali
947 1585 957 1601 ‚
989 1570 1032 1595 ac
1048 1557 1290 1606 incogitato,
1305 1557 1343 1595 ἃ
1359 1556 1652 1608 inexcogitabili
1668 1583 1679 1600 ‚
1696 1557 1756 1595 in-

442 1605 718 1656 dividuamque
744 1609 1017 1657 expressionem
1035 1610 1255 1656 requirente
1285 1608 1436 1647 defertu
1449 1609 1575 1647 notari
1591 1635 1603 1652 ‚
1627 1610 1755 1653 impu-

442 1657 553 1707 gnari
569 1684 581 1702 ,
596 1658 754 1708 infringi
770 1686 781 1703 ,
796 1661 997 1697 retractari
1009 1687 1020 1704 ‚
1035 1660 1196 1697 limitari
1215 1686 1228 1705 ‚
1239 1660 1288 1697 ad
1300 1660 1488 1698 terminos
1502 1660 1595 1705 juris
1607 1659 1753 1705 reduci,

443 1718 507 1746 aut
522 1709 559 1746 in
577 1711 878 1749 controverfiam
893 1711 1103 1755 vocari‚seu
1121 1711 1306 1751 adversus
1323 1711 1407 1748 illas
1425 1711 1645 1759 aperitionis
1658 1713 1761 1759 oi·i3‚

444 1760 698 1799 restitutionis
721 1762 760 1799 in
778 1763 972 1811 integrum
987 1789 998 1807 ,
1024 1762 1177 1799 aliudve
1201 1763 1469 1812 quodcumque
1490 1764 1583 1808 juris
1599 1789 1610 1807 ‚
1634 1763 1749 1808 faeti,

441 1811 506 1850 vel
521 1813 654 1861 gratiae
670 1814 886 1851 remedium
902 1813 1121 1863 impetrari,
1136 1814 1196 1851 vel
1214 1815 1401 1852 intentari
1417 1841 1428 1858 ‚
1445 1823 1512 1851 aut
1528 1815 1752 1862 impetrato,

441 1862 504 1901 seu
528 1864 647 1902 etiam
673 1873 809 1911 motu,
838 1865 999 1905 scientia
1016 1893 1027 1910 ‚
1057 1864 1094 1902 ἃ
1111 1864 1312 1914 potestatis
1340 1864 1578 1913 plenitudine
1598 1866 1752 1914 paribus

440 1916 624 1954 concesso
641 1943 652 1961 ‚
675 1918 739 1954 vel
756 1926 940 1956 emanato
954 1945 965 1962 ,
981 1918 1199 1968 quempiam
1214 1918 1252 1956 in
1266 1915 1413 1963 judicio
1429 1945 1442 1964 ‚
1455 1918 1518 1956 vel
1534 1926 1641 1955 extra
1657 1918 1751 1956 illud

440 1967 524 2012 uti,
549 1967 610 2005 seu
623 1966 660 2006 :se
673 1971 805 2014 juvare
821 1970 949 2017 posse,
975 1969 1037 2006 sed
1060 1969 1213 2008 easdem
1228 1969 1428 2018 praesentes
1450 1969 1584 2009 literas
1606 1969 1752 2018 semper

439 2016 571 2056 firmas
585 2046 596 2063 ‚
612 2020 760 2059 validas
776 2046 788 2065 ,
811 2019 849 2056 ἃ
865 2019 1038 2059 efficaces
1055 2021 1213 2059 existere
1230 2049 1241 2066 ‚
1267 2023 1306 2059 bc
1319 2021 1401 2059 fore
1415 2048 1427 2067 ‚
1454 2021 1608 2070 suosque
1622 2023 1754 2070 plena-

440 2069 518 2107 rios
535 2096 547 2114 ‚
562 2070 791 2122 &integros
810 2070 964 2110 effeetus
980 2072 1132 2117 sortiri,
1145 2073 1183 2111 δε
1199 2073 1378 2111 obtinere
1394 2097 1405 2116 ‚
1429 2085 1473 2111 ac
1489 2073 1581 2116 illis,
1596 2072 1645 2111 ad
1660 2085 1752 2122 quos

441 2121 606 2169 spectat,
634 2123 671 2160 ἃ
690 2135 758 2170 pro
782 2131 957 2172 ternpore
980 2122 1100 2162 etiam
1131 2124 1452 2174 quandocumque
1475 2125 1655 2174 speetabit
1674 2151 1685 2170 ‚
1713 2124 1753 2162 in

440 2172 621 2210 omnibus
637 2200 648 2218 ‚
676 2173 715 2211 ὃ(
740 2186 804 2221 per
818 2173 955 2214 omnia
971 2173 1182 2224 pleniffime
1197 2175 1414 2225 suflragari:
1443 2177 1567 2225 sicque
1583 2204 1595 2222 ‚
1624 2179 1662 2215 &
1676 2188 1753 2214 non

437 2224 556 2268 ‚aliter
570 2224 608 2262 in
621 2225 814 2275 praemissis
832 2239 894 2275 per
908 2227 1318 2276 quoscumqueJudices
1337 2227 1568 2267 ordinarios
1580 2253 1591 2272 ,
1617 2228 1655 2266 ὅ(
1669 2228 1754 2266 De·

437 2276 589 2327 ‘legatos
614 2303 626 2321 ‚
658 2275 779 2315 etiam
794 2277 1005 2317 Causarum
1034 2279 1173 2317 Palatii
1196 2280 1410 2329 Apostolici
1437 2280 1646 2318 Auditores
1669 2307 1681 2325 ,
1710 2292 1755 2317 ac

441 2327 478 2364 S.
494 2327 537 2364 R.
557 2327 602 2366 E.
618 2327 847 2367 Cardinales
864 2357 875 2375 ‚
894 2330 1012 2369 etiam
1038 2331 1085 2369 de
1102 2331 1237 2370 Latere
1253 2332 1418 2381 Legatos
1437 2359 1448 2377 ‚
1464 2343 1508 2369 ac
1524 2331 1754 2380 Apostolicae

443 2378 549 2418 Sedis
569 2379 744 2420 Nuncios
755 2409 768 2429 ,
802 2381 942 2422 aliosve
959 2382 1149 2431 quoslibet
1162 2411 1175 2429 ‚
1190 2395 1427 2433 quacumque
1437 2383 1725 2434 praeeminentia
1743 2410 1756 2427 ,

1624 2435 1670 2480 ,δε
1685 2447 1755 2485 po-
1777 2469 1781 2472 .
