2043 2958
552 237 612 266 An
639 219 921 269 CochrmM
943 218 1199 270 Romnum
1216 254 1227 264 .
1447 235 1504 276 23
1521 236 1537 263 1

231 315 260 334 ‚,
288 288 405 338 scopis
429 289 668 328 obtinuerint
697 290 898 330 licentiam
913 290 1095 329 audiendi
1113 285 1377 328 Confeffiones
1394 285 1545 324 limita-

232 365 260 385 „
290 349 396 386 tam,
422 344 483 381 vel
502 343 628 391 quoad
642 344 794 389 locum,
822 344 883 382 vel
899 343 1026 392 quoad
1050 353 1167 392 genus
1183 341 1426 390 pertonarum
1443 366 1455 384 ‚
1480 339 1543 377 vel

232 417 260 436 ‚,
288 393 412 449 quoad
427 403 599 444 tempus,
625 408 702 435 non
729 396 832 446 posse
850 395 1096 433 Poenitentiae
1111 396 1403 432 Sacramentum
1419 391 1545 429 admi·

232 463 261 488 ,·,
289 446 445 484 nistrare
469 456 578 487 extra
598 457 772 498 tempus,
797 449 859 487 vel
874 449 1005 485 locum
1020 474 1031 492 ‚
1058 447 1120 484 vel
1133 458 1251 495 genus
1270 444 1515 494 personarum
1531 470 1543 487 ,

230 521 258 541 ,‚
288 497 335 554 ab
349 498 434 554 ipsis
450 499 638 550 Episcopis
650 499 919 549 praescriptum,
935 510 1175 548 quocumque
1191 496 1411 548 privilegio,
1424 496 1545 533 etiam

233 572 260 593 ,‚
290 561 327 586 in
342 561 423 588 vim
437 550 565 597 Rullus,
580 564 659 600 quae
672 553 883 602 appellatur
895 551 1084 590 Cruciatae
1097 551 1242 588 Sanctae
1255 575 1266 593 ‚
1283 556 1543 597 competente,

233 625 262 645 „
292 602 510 641 nullatenus
525 603 797 654 stiffi-agarum.
828 604 1003 653 Cumque
1019 604 1122 641 idem
1139 603 1384 640 Innocentius
1399 598 1544 637 Praede-

236 677 263 696 ‚,
292 653 413 709 cessor
436 667 500 703 per
523 655 602 694 suas
630 654 692 694 die
707 656 858 694 decima
873 667 975 694 nona
989 656 1137 704 Aprilis
1161 653 1252 692 anni
1267 651 1462 691 millesimi
1488 650 1544 687 se-

236 729 263 748 „
291 707 575 756 ptingentefimi
604 707 799 757 expeditas
834 708 966 746 literas
1004 706 1245 749 decreverit,
1275 703 1544 742 Sacerdotibus

235 780 263 800 „
292 764 374 794 tam
387 758 629 798 Saecularibus
641 788 652 806 ,
667 761 782 810 quam
798 760 1047 810 Regularibus
1060 771 1136 797 non
1150 759 1266 796 licere
1283 753 1547 794 Confeffiones

238 832 266 851 η
297 817 432 847 eorum
445 837 456 854 ,
483 812 504 848 a
530 812 665 859 quibus
678 825 723 850 ex
738 811 893 848 Indulto
908 812 1089 860 praedistae
1102 810 1218 849 Bullae
1231 808 1420 846 Cruciatae
1446 805 1492 843 ad
1509 803 1548 841 id

236 883 263 902 ,‚
293 859 404 914 electi
420 861 564 898 fuerint
577 889 589 905 ‚
602 862 732 899 audire
745 889 756 906 ‚
782 862 920 910 absque
934 860 1163 910 praecedenti
1178 857 1456 908 approbatione
1470 857 1549 894 Or-

237 935 264 954 „
293 909 429 948 dinarii
445 911 544 950 illius
559 912 679 958 Loci,
702 913 739 949 in
754 924 829 960 quo
851 913 917 961 ipfi
933 913 1173 951 Poenitentes
1194 910 1339 958 degunt
1355 936 1366 953 ‚
1390 907 1429 945 &r
1441 907 1548 945 Cou-

238 986 266 1006 ,‚
294 961 451 1000 sessores
477 964 652 1011 eligunt,
675 964 826 1002 etiamsi
841 965 888 1001 ab
902 962 1123 1003 Ordinariis
1150 962 1314 1000 aliorum
1331 961 1549 998 Locorum-³

238 1037 264 1056 ‚‚
293 1021 409 1068 antea
435 1015 634 1062 approbati
647 1015 826 1059 fuissent,
851 1027 895 1052 ac
918 1016 1068 1052 etiamfi
1081 1014 1321 1051 Poenitentes
1333 1009 1549 1050 Ordinariis

239 1089 267 1108 ‚,
296 1064 371 1101 illis
384 1091 395 1108 ‚
419 1066 483 1113 qui
501 1064 748 1104 Confessores
765 1067 906 1103 elec‘tos
920 1065 1187 1114 approbassent
1204 1090 1216 1108 ‚
1240 1062 1380 1101 subditi
1395 1062 1518 1100 essent
1535 1073 1550 1099 3

241 1141 268 1159 ,‚
297 1126 448 1154 necnon
463 1115 730 1156 Confeffiones
744 1117 856 1155 aliter
886 1117 1006 1155 facias
1019 1144 1031 1162 ,
1058 1128 1101 1155 ac
1119 1113 1326 1164 respective
1342 1120 1521 1161 exceptas
1538 1137 1550 1156 ,

239 1190 267 1211 ,‚
296 1167 419 1205 nullas
433 1167 539 1212 fore,
562 1168 711 1214 irritas,
737 1168 1006 1214 &invalidas‚
1029 1166 1329 1207 &Confessores
1344 1165 1421 1214 ipso
1438 1166 1550 1209 jum>

242 1243 268 1262 ‚‚
298 1217 485 1266 suspensos
505 1218 605 1257 esse:
635 1219 718 1257 Nos
733 1219 910 1258 eamdem
926 1218 1254 1257 constitutionem
1269 1217 1524 1266 approbantes
1538 1240 1550 1258 ,

241 1295 269 1314 ‚‚
297 1269 574 1308 confirmantes
589 1297 601 1315 ‚
618 1271 657 1309 &
669 1271 916 1315 innovantes,
935 1271 1178 1309 declaramus
1191 1269 1353 1317 insuper,
1367 1265 1554 1316 praedidtis

240 1346 268 1366 „
297 1321 563 1360 Sacerdotibus
576 1348 588 1367 ‚
603 1331 686 1360 tam
699 1321 948 1361 Saecularibus
966 1349 976 1367 ,
990 1322 1106 1372 quam
1122 1321 1370 1371 Regularibus
1383 1318 1433 1356 ad
1447 1316 1557 1355 Con-

242 1398 269 1418 „
298 1371 473 1411 feffiones
489 1373 746 1422 excipiendas,
760 1374 822 1412 vel
837 1386 882 1412 ex
897 1374 935 1412 vi
947 1373 1128 1423 praedic‘tae
1144 1373 1257 1411 Bullae
1272 1370 1478 1413 Cruciatae,
1493 1368 1557 1406 vel

241 1449 269 1469 ‚‚
296 1436 340 1462 ex
378 1436 618 1474 quocumque
645 1426 725 1464 alio
754 1425 962 1476 Privilegio
989 1425 1120 1472 electis
1137 1452 1148 1469 ‚
1175 1422 1369 1471 suffragari
1393 1419 1558 1458 minime

241 1502 269 1521 ‚,
298 1477 418 1514 etiam
444 1477 569 1524 posse,
593 1476 696 1525 quod
712 1477 911 1525 approbati
931 1477 1025 1515 alists
1042 1476 1184 1513 fuerint
1202 1475 1248 1512 ab
1263 1474 1445 1523 Episcopo
1462 1472 1531 1510 illo
1545 1495 1558 1515 ‚

242 1554 269 1573 ‚‚
297 1529 361 1576 qui
385 1526 596 1576 aliquando
620 1527 736 1566 fuerit
750 1527 977 1566 Ordinarius
989 1527 1082 1566 Loci
1097 1555 1110 1573 ‚
1136 1527 1175 1565 in
1198 1538 1274 1575 quo
1290 1522 1557 1566 Confeffiones

240 1605 270 1624 „
300 1578 496 1617 audiendce
511 1579 581 1616 fint
597 1606 609 1624 ‚
635 1579 699 1616 sed
716 1579 805 1617 talis
820 1588 910 1617 tunc
926 1579 1109 1628 temporis
1123 1578 1286 1626 amplius
1308 1589 1385 1614 non
1398 1575 1530 1613 existat
1545 1600 1558 1618 ‚

244 1657 272 1677 „
300 1631 362 1668 vel
384 1631 472 1680 quia
497 1631 544 1667 ab
568 1631 746 1668 humanis
763 1631 963 1668 excesserit
978 1658 990 1674 ,
1014 1638 1080 1668 aut
1105 1628 1345 1678 Episcopatui
1361 1625 1559 1665 renuntia-

244 1710 272 1729 „
301 1682 427 1726 verit,
453 1683 515 1720 vel
540 1679 630 1731 quia
655 1681 704 1720 ad
719 1679 839 1720 aliam
855 1681 1066 1720 Ecclefiam
1090 1680 1318 1719 auetoritate
1336 1676 1560 1728 Apostolica

248 1762 276 1780 „
303 1734 511 1772 translatus
536 1735 748 1783 reperiatur
761 1747 776 1773 ,-
803 1732 866 1770 sed
883 1732 1137 1771 necessariam
1152 1732 1315 1770 omnino
1337 1729 1413 1768 esse
1429 1728 1531 1767 illius
1545 1754 1559 1772 ,

248 1813 275 1831 ,‚
303 1785 366 1834 qui
393 1785 592 1824 adualiter
608 1811 620 1829 ‚
650 1783 689 1821 &
713 1796 781 1832 pro
797 1790 974 1832 ternpore
989 1781 1242 1821 Ordinariam
1254 1780 1558 1826 jurisdictionem

251 1863 278 1883 „
306 1837 343 1874 in
360 1848 405 1874 ea
418 1836 584 1875 Dioecefi
597 1843 772 1874 exerceat
785 1860 796 1877 ,
809 1834 1129 1883 approbationem
1140 1861 1151 1871 .
1180 1832 1271 1870 Haec
1283 1840 1415 1870 tamen
1429 1830 1562 1869 suffra-

251 1914 279 1935 „
306 1896 430 1937 getur‚
445 1888 565 1926 etiam
583 1886 699 1925 tacita
712 1913 724 1931 ,
744 1897 863 1934 eaque
877 1885 1004 1923 adesse
1018 1885 1215 1923 censeatur
1227 1911 1239 1929 ‚
1265 1884 1457 1932 quousque
1469 1894 1562 1932 prae-

250 1965 278 1987 „
306 1939 448 1977 cedens
471 1937 653 1982 licentia,
682 1938 759 1975 five
784 1937 1008 1986 approbatIO
1022 1936 1133 1975 duret
1149 1963 1160 1982 ,
1188 1936 1227 1974 ὃς
1253 1943 1433 1974 revocata
1455 1934 1500 1972 ab
1514 1944 1561 1970 eo

252 2019 280 2039 ‚,
311 2003 388 2029 non
408 1991 523 2029 fuerit
536 2004 552 2031 ,·
579 1991 617 2027 in
632 2001 708 2038 quo
720 1989 804 2027 casu
821 2000 921 2027 nova
934 2015 945 2033 ‚
965 1989 1002 2025 ὃ(
1019 1988 1188 2037 expressa
1203 1987 1447 2035 impetranda
1462 1984 1534 2023 erit
1549 2011 1561 2029 ,

255 2071 283 2091 ‚,
309 2044 335 2081 fi
364 2043 431 2081 illa
457 2041 711 2092 praecedenter
724 2041 883 2079 obtenta
900 2067 911 2085 ‚
936 2041 998 2078 vel
1022 2052 1088 2089 per
1104 2037 1293 2087 temporis
1308 2035 1487 2087 adscripti
1504 2036 1563 2073 la-

251 2123 278 2142 „
313 2096 417 2144 psum
433 2092 662 2145 expiraverit
676 2120 689 2139 ,
702 2093 762 2131 vel
775 2104 841 2143 per
854 2092 1102 2141 posteriorem
1114 2090 1403 2130 revocationem
1415 2088 1565 2127 sublata

259 2174 287 2195 „
314 2147 469 2186 fuisset.

312 2202 356 2236 18
413 2226 441 2243 ‚,
471 2196 726 2236 Meminerint
743 2208 891 2247 quoque
903 2194 1167 2248 Regulares,se
1178 2194 1351 2243 excipere
1366 2205 1444 2232 non
1462 2190 1566 2241 posse

255 2277 283 2297 „
310 2248 573 2290 Confeffiones
598 2246 832 2288 Monialium
849 2277 860 2294 ‚
885 2249 1034 2287 tametsi
1053 2258 1186 2286 eorum
1206 2246 1413 2295 regimini,
1442 2245 1479 2283 Sc
1495 2253 1567 2294 gu·

257 2329 284 2348 ‚,
310 2303 446 2340 bernio
460 2301 628 2347 subjeetae
646 2303 715 2340 sint
732 2329 743 2346 ‚
766 2302 833 2339 nifi
846 2329 858 2346 ‚
890 2301 989 2340 ultra
1005 2300 1206 2338 licentiam
1225 2299 1377 2337 suorum
1392 2297 1571 2342 Praelatoe

214 2395 218 2398 ,
263 2379 291 2401 ,,
318 2366 404 2394 rum
420 2353 686 2406 Regularium‚
700 2353 887 2405 praecedat
901 2364 1062 2392 examen
1076 2362 1209 2391 coram
1223 2351 1404 2401 Episcopo
1415 2349 1574 2436 Diosece-

1496 2407 1571 2436 ano
