2043 2958
608 205 656 258 T
679 226 691 252 1
714 226 741 252 T
761 224 789 252 U
812 226 831 253 L
855 225 881 252 υ
904 223 922 251 s
976 203 1015 251 Ῑ.
1464 222 1490 265 3

169 277 342 346 scopi,
379 275 462 328 vel
482 280 580 341 ejus
601 277 792 326 Vicarii
812 273 1070 326 Generalis
1087 308 1105 332 ,
1133 285 1244 322 tum
1274 275 1326 322 in
1345 273 1500 341 Capi-

167 349 276 400 tulo
293 348 417 400 infra
435 349 660 399 bimestre
676 385 687 397 .

242 421 353 470 III.
431 420 672 470 Beneficia
701 438 818 469 cum
854 423 1127 468 animarum
1163 435 1278 466 cura
1308 414 1495 465 haben-

169 506 242 542 tes
264 530 279 551 ,
315 493 417 561 post
446 492 664 562 ipsorum
678 491 1008 561 pofleffionem
1027 528 1044 549 ‚
1073 489 1200 539 infra
1218 489 1353 537 idem
1372 503 1500 536 tem-

170 583 261 633 pus
278 601 293 623 ‚
328 569 381 614 in
400 564 628 615 manibus
648 565 993 614 tantummodo
1011 561 1241 631 Episcopi
1259 597 1275 619 ‚
1305 559 1384 609 vel
1407 559 1500 608 Vi-

170 640 290 684 carii
313 635 568 685 Generalis
589 656 603 696 ;
633 653 778 704 prout
793 641 842 689 &
862 643 915 687 in
933 636 1214 685 alterutrius
1233 632 1462 681 manibus

240 706 338 756 IV.
417 709 735 777 Quicumque
768 710 860 759 alia
879 706 1127 760 Beneficia
1156 704 1393 774 fimplicia
1410 701 1500 753 ob-

167 792 378 828 trnentes
394 816 405 827 .

240 850 303 898 V·
370 851 512 904 ,Item
546 872 704 903 novus
735 854 966 903 Vicarius
983 849 1265 901 Generalis:
1302 846 1497 896 Vicarii

167 921 372 987 foranei
391 943 401 971 :
422 924 764 974 Procuratores
785 962 801 983 ‚
831 927 880 974 ὃς
906 924 1220 973 Promotores
1237 917 1364 968 Fisci
1382 919 1500 985 Epi-

168 992 372 1060 scopalis
389 1031 404 1052 ‚
426 996 726 1046 Cancellarii
739 1034 756 1057 ,
777 999 1025 1065 ceterique
1043 992 1269 1046 Ministri
1286 988 1500 1055 ejusdem

165 1063 333 1113 Curiae
355 1100 366 1111 .

253 1134 352 1182 VI.
451 1136 586 1183 Novi
601 1135 1007 1191 ConcionatoreS,
1025 1139 1174 1182 etiarn
1191 1132 1466 1198 Regulares‘
1488 1166 1500 1179 .

235 1202 373 1252 VII.
450 1204 586 1252 Novi
605 1203 894 1253 Confessarii
911 1241 929 1262 ,
962 1207 1111 1253 etiarn
1130 1201 1436 1251 Monialium
1450 1237 1461 1248 .

219 1272 267 1322 V
285 1273 396 1322 ΙΙΙ.
451 1275 702 1326 Docentes
722 1274 922 1343 publice
937 1274 1048 1334 ‚vel
1067 1274 1307 1341 privatim
1326 1270 1499 1322 Theo-

164 1343 345 1410 logiam
368 1382 383 1402 ,
412 1345 781 1414 Pnilosophiam
804 1347 919 1412 ,Jus
937 1346 1249 1396 Canonicum
1270 1378 1287 1400 ‚
1307 1356 1387 1390 aut
1407 1341 1502 1390 Ci-

163 1415 269 1464 vile
290 1452 306 1474 ,
335 1417 416 1466 vel
437 1417 691 1466 inferiores
719 1417 969 1486 quaslibet
998 1413 1282 1483 disciplinas
1301 1448 1319 1470 ‚
1350 1415 1501 1461 etiam

163 1485 559 1538 Grammaticam
575 1524 585 1536 .

234 1558 326 1608 IX.
400 1562 481 1609 Ac
503 1560 699 1608 tandem
718 1557 1026 1608 Medicinam
1045 1592 1062 1617 ,
1094 1557 1144 1605 &
1179 1552 1505 1623 Chirurgiam

166 1645 450 1682 exercentes
469 1666 483 1680 .

632 1749 859 1801 CAP.
932 1747 1026 1797 ΙΙ.

223 1868 566 1918 Conssitmionis
598 1867 922 1917 UNmENrTUs
956 1867 1194 1913 Clementis
1226 1863 1315 1916 PP.
1350 1861 1444 1914 XI.

383 1940 673 2006 observantia
693 1938 916 2005 Epzscopis
934 1937 1253 1984 commendatur
1271 1970 1281 1982 .

328 2057 437 2109 Um
468 2056 526 2105 ad
557 2055 670 2105 fidei
702 2055 980 2107 Catholicae
1000 2053 1344 2123 profeffionem
1377 2055 1506 2101 inte-

353 2148 456 2198 gre,
470 2127 807 2196 inviolateque
827 2128 1155 2185 retinendam,
1172 2128 1221 2176 ὃς
1236 2124 1504 2174 custodien-

175 2205 288 2252 dam
308 2239 324 2261 ,
351 2201 661 2252 necessarium
680 2199 989 2271 summopere
1009 2199 1065 2249 fit
1085 2235 1101 2259 ,
1130 2214 1183 2247 ut
1201 2195 1505 2246 succrescen-

177 2290 247 2324 tes
268 2294 353 2344 per
373 2275 474 2324 haec
496 2276 707 2323 recentia
724 2289 944 2343 tempora
961 2276 1092 2322 circa
1125 2270 1329 2321 eandem
1356 2266 1504 2315 fidem

181 2365 371 2397 errores
399 2384 417 2409 ,
467 2367 492 2398 a
528 2346 648 2397 Sede
680 2346 966 2418 Apostolica
1004 2345 1253 2395 damnatos
1281 2377 1297 2401 ‚
1340 2338 1504 2387 fideles

847 2419 902 2469 A
940 2437 965 2467 2
1331 2427 1501 2459 omnes
