2043 2958
455 251 511 282 12
799 227 1419 279 C0N01t11R0MAN1

440 302 629 372 gulares
668 301 848 357 etiam,
886 298 974 349 sub
1007 298 1316 369 suspenfionis
1357 320 1500 370 poena
1529 299 1750 352 aconfes-

439 374 650 424 fionibus
684 371 931 420 audiendis
949 409 965 429 ,
1002 389 1239 441 quatenus
1275 375 1380 422 haec
1409 372 1506 441 ipsa
1527 373 1672 423 leelio
1701 377 1754 421 in

439 464 609 495 eorum
628 445 924 493 monasteriis
944 462 1041 492 non
1060 444 1293 493 habeatur
1311 452 1331 506 )
1362 443 1501 494 sacrae
1523 482 1539 504 ‚
1560 460 1612 494 ut
1632 463 1755 512 prae-

439 517 629 566 diclum
649 516 710 565 est
732 552 748 573 ‚
778 516 1039 582 Scripturae
1059 515 1257 566 leciioni
1278 554 1293 575 ‚
1321 516 1493 566 diebus
1513 554 1528 575 ,
1548 519 1597 567 ὃς
1616 516 1755 573 hora,

439 589 501 638 ab
531 587 772 656 Episcopo
809 586 1115 654 praefigendis
1136 624 1152 644 ,
1188 592 1394 636 omnino
1430 587 1652 635 interesse
1689 600 1760 634 te-

439 674 674 715 neantur3
703 656 924 722 impofita
942 694 958 715 ,
994 677 1099 724 quse
1121 658 1283 706 eidem
1302 655 1541 724 Episcopo
1566 656 1762 724 placue-

439 733 506 779 rit
525 765 540 786 ,
573 743 740 776 contra
760 724 938 793 absque
957 728 1180 797 legitima
1210 726 1345 776 causa
1366 725 1585 776 absentes
1615 745 1766 794 poena

440 802 722 871 pecuniaria
749 833 767 856 ‚
804 801 995 847 nemini
1039 799 1283 848 ullatenus
1322 798 1614 848 remittenda
1633 835 1644 846 .

922 915 1147 968 CAP.
1223 919 1289 967 X.

497 1040 830 1089 Concionatores
858 1038 1058 1104 quomodo
1088 1043 1135 1083 in
1170 1038 1440 1084 concionibus
1467 1037 1518 1101 β
1552 1038 1713 1086 habere

624 1110 842 1158 debeant?
872 1110 927 1156 (9⁴
946 1111 1022 1173 qui
1042 1106 1103 1154 ad
1117 1105 1172 1153 id
1193 1123 1345 1152 munus
1365 1105 1558 1174 eligendi
1575 1119 1591 1155 ἓ

581 1226 780 1292 Eliquos
796 1222 994 1273 tandem
1007 1222 1389 1272 Concionatores
1409 1223 1723 1273 admonemus
1737 1260 1755 1282 ,

615 1313 852 1365 quatenus
870 1298 919 1346 ἃ
935 1293 1041 1362 ipsi,
1062 1312 1303 1343 memores
1320 1293 1366 1341 se
1387 1295 1444 1342 ad
1463 1295 1764 1363 populorum

445 1384 716 1420 utilitatem
735 1367 895 1416 missos
914 1404 930 1424 ,
962 1363 1201 1414 fruCtuose
1237 1365 1376 1413 suum
1410 1366 1650 1432 impleant
1671 1369 1768 1413 mi-

443 1442 729 1495 nisterium3
768 1458 821 1485 ac
851 1437 952 1485 Dei
991 1437 1156 1502 plebes
1178 1473 1194 1493 ,
1231 1455 1329 1484 non
1359 1440 1413 1483 in
1439 1437 1663 1485 humanae
1693 1434 1767 1484 sa-

445 1514 645 1580 pientiae
665 1507 831 1558 verbis
851 1543 868 1564 ,
902 1504 981 1554 sed
998 1509 1050 1554 in
1065 1505 1323 1554 ostenslone
1340 1504 1539 1573 spiritus
1564 1542 1580 1563 ,
1597 1508 1646 1556 &
1663 1510 1767 1555 vir-

446 1588 587 1638 tutis,
608 1577 942 1629 concionando
960 1577 1182 1633 doceant,
1204 1579 1253 1625 &
1270 1577 1505 1633 docendo,
1525 1575 1767 1627 sermones

448 1651 742 1701 discentium
758 1651 957 1715 ingenio
976 1648 1216 1715 aptent‚&
1237 1643 1560 1694 conforment.
1581 1648 1768 1712 Qam-

448 1723 621 1772 obrem
660 1736 836 1770 munus
878 1717 973 1767 hoc
1001 1716 1211 1766 subituri
1240 1754 1256 1775 ‚
1300 1715 1430 1765 doch
1458 1715 1646 1785 semper
1668 1755 1684 1776 ‚
1712 1720 1764 1768 &

449 1794 629 1843 eruditi
651 1829 666 1850 ,
704 1793 885 1839 maturi
915 1825 931 1847 ,
969 1786 1116 1837 fortes
1136 1825 1152 1846 ‚
1190 1788 1239 1838 &
1277 1787 1723 1856 irreprehensibiles
1744 1824 1763 1847 ,

449 1869 652 1933 optimis
672 1861 894 1911 moribus
915 1858 1099 1908 imbuti
1118 1896 1134 1917 ‚
1169 1877 1268 1909 non
1289 1857 1333 1907 se
1354 1860 1487 1909 ultro
1505 1859 1764 1911 offerentes

451 1936 665 2004 quilibet
683 1971 700 1992 ,
719 1937 869 1983 etiarn
885 1949 948 1980 ex
961 1930 1312 1998 Regularibus,
1333 1931 1392 1981 ab
1411 1929 1660 1999 Episcopis
1675 1930 1766 1982 eli-

452 2022 630 2075 gantur
651 2025 662 2052 :
699 2008 834 2071 iique
853 2004 1096 2071 praecipue
1117 2038 1133 2059 ‚
1153 2005 1239 2070 qui
1258 2000 1352 2051 suis
1375 2021 1397 2049 a
1417 2002 1759 2069 Superioribus

453 2077 668 2148 probati,
681 2075 835 2147 plenae
853 2072 1175 2128 exhibuerint
1191 2071 1354 2124 literas
1374 2073 1735 2143 approbationis
1753 2107 1764 2119 .,
