2043 2958
598 239 658 266 AD
677 219 957 269 CONOELIUM
980 213 1237 265 ROMANUM
1254 246 1265 258 .
1489 217 1582 261 293

276 291 429 330 diantur
444 319 455 336 ‚
481 291 517 330 8<
532 290 655 329 Sacrae
671 290 871 339 Scripturae
886 317 896 333 ‚
924 284 1188 326 Cathechismi
1205 311 1217 329 ‚
1241 278 1484 326 aliorumque
1510 272 1587 309 EC-

272 344 567 382 cleslasticorum
596 345 801 382 Librorum
816 370 828 388 ‚
858 340 1063 390 praesertim
1093 338 1186 377 vero
1227 336 1274 374 de
1299 332 1585 387 Sacra-mentis,

273 395 468 445 §acrisque
483 395 634 434 Ritibus
649 425 660 442 ,
688 394 726 432 δέ
741 391 994 436 Caererrioniis
1025 390 1273 444 tractantium
1291 412 1303 443 ’.
1326 377 1588 421 lechomdili-

271 457 408 499 genter
434 448 662 486 incumbant
680 476 690 493 ‚
720 458 759 486 ut
775 460 864 485 curn
892 445 940 483 ad
957 444 1124 482 Vmeam
1139 444 1304 481 Domuu
1331 432 1583 492 excolendam

273 503 400 538 vocati
415 498 556 538 fuerint
576 526 587 544 ,
613 498 751 551 dignos
767 527 778 544 ‚
796 497 942 549 peritos
956 525 966 541 ‚
988 495 1172 544 utilesque
1185 494 1390 541 Operarios
1405 486 1477 524 sese
1494 496 1585 542 pro-

270 553 364 642 lsiare
382 553 563 597 valeant,
586 552 826 601 fructumque
846 550 880 589 ei
900 549 1065 588 reddant
1090 546 1325 587 uberrimum
1345 538 1583 589 temporibus

294 616 348 644 uis
365 634 374 642 .

377 657 644 696 Decernentes
668 657 863 707 praesentes
878 657 1029 696 Literas
1056 655 1201 704 semper
1224 651 1381 694 firmas,
1409 643 1558 705 yalidas
1573 670 1585 689 ‚

274 711 313 748 ὃ(
328 708 501 747 efficaces
519 711 704 754 existere,
730 722 774 748 ac
797 710 905 755 fore,
934 709 1087 756 suosque
1114 705 1333 759 ρΙεῐκιι-ἱοεζ
1358 703 1396 740 ὃ(
1413 707 1583 745 lntegros

274 759 431 799 effeetus
447 761 586 806 sortiri,
602 773 645 799 ac
657 762 851 806 obtinere,
867 773 1015 800 necnon
1032 757 1213 809 praemifl'a
1225 765 1373 798 omnia,
1385 754 1422 792 δέ
1437 748 1584 798 ΗΠὲΗῙᾶ

275 813 315 850 in
329 811 405 850 illis
419 822 617 855 contenta,
640 825 704 862 per
718 825 782 851 eos
794 841 806 859 ,
831 814 878 851 ad
893 825 987 862 quos
1009 813 1151 861 spectat
1166 838 1178 855 ‚
1198 812 1237 848 ἃ
1251 809 1290 846 in
1302 807 1475 844 futurum
1489 811 1585 850 quo-

276 863 491 901 modolibet
506 865 684 912 1“pe<ftabit
701 890 711 906 ‚
727 865 858 901 exacte
872 892 883 908 ‚
906 863 943 900 ὃς
960 862 1242 900 inviolabiliter
1257 859 1439 907 perpetuo
1453 852 1584 908 obser·

278 926 377 955 vam
392 915 529 963 ficque,
546 917 673 954 &non
686 913 815 959 aliter,
833 925 897 962 per
908 914 1165 961 quoscumque
1177 913 1196 961 J
1207 910 1335 949 udices
1353 908 1586 948 ordinamos,

281 968 320 1005 δε
333 965 533 1014 delegatos
547 993 558 1009 ,
587 966 707 1002 etiam
722 964 934 1003 Causarum
961 964 1102 1002 Palatii
1118 961 1334 1011 Apostolici
1350 959 1560 1011 Audit01·es
1573 981 1585 999 ‚

275 1029 321 1056 ac
346 1018 379 1054 S.
399 1017 440 1054 R.
458 1017 499 1054 E.
532 1016 762 1055 Cardinales
776 1043 787 1060 ‚
822 1016 945 1053 etiam
974 1014 1020 1052 de
1049 1015 1187 1053 Latere
1204 1015 1368 1062 Legatos
1383 1039 1395 1058 ,
1422 1010 1459 1048 ἃ
1489 1007 1586 1046 allos

280 1068 488 1118 quoslibet,
500 1079 741 1117 quacumque
753 1068 937 1115 potestate
955 1066 1156 1114 fungentes
1174 1093 1185 1110 ‚
1210 1066 1248 1104 ὃς
1262 1065 1458 1103 functuros
1476 1087 1488 1105 ‚
1504 1058 1589 1097 sub-

281 1122 360 1160 lata
378 1132 431 1158 eis
446 1147 457 1165 ‚
487 1119 521 1157 r&
539 1132 671 1158 eorum
685 1119 870 1164 cuilibet,
900 1119 1034 1167 quavis
1046 1118 1159 1157 aliter
1172 1116 1365 1163 judicandi
1381 1142 1392 1160 ‚
1418 1116 1455 1154 Sc
1472 1113 1589 1150 inter-

279 1171 456 1221 pretandi
471 1171 655 1210 facultate
673 1198 683 1215 ‚
701 1183 744 1209 ac
755 1167 1001 1213 auctoritate,
1013 1168 1189 1215 judicari,
1206 1171 1244 1209 δὲ
1258 1166 1412 1208 definiri
1425 1165 1564 1204 debere
1577 1188 1589 1206 ,

281 1236 326 1261 ac
351 1224 501 1261 irritum
515 1252 526 1269 ‚
555 1225 592 1262 δε
611 1224 725 1260 inane
739 1221 923 1271 quidquid
938 1222 1042 1260 secus
1060 1223 1163 1269 super
1176 1223 1235 1261 his
1252 1222 1272 1260 a
1288 1230 1481 1270 quoquam
1496 1225 1590 1272 qua-

280 1287 338 1313 vis
355 1275 588 1313 authoritate
602 1275 766 1312 scienter
783 1301 794 1318 ‚
811 1275 872 1311 vel
892 1274 1115 1323 ignoranter
1134 1273 1341 1323 contigerit
1355 1279 1539 1311 attentari
1554 1294 1562 1303 .

384 1327 472 1364 Non
487 1327 722 1363 obstantibus
735 1353 747 1370 ‚
762 1334 947 1373 quatenus
965 1337 1058 1374 opus
1077 1327 1120 1364 fit
1135 1353 1146 1371 ‚
1173 1325 1321 1363 Nostris
1335 1353 1346 1370 ‚
1374 1323 1412 1362 δε
1426 1318 1594 1361 Cancel-

274 1377 384 1420 jariae
411 1377 641 1426 Apostolicae
666 1378 805 1424 regulis
835 1378 1132 1426 quibuscumque
1147 1405 1158 1422 ‚
1181 1376 1219 1414 &
1236 1376 1397 1425 praefatis
1411 1374 1599 1414 Clemen-

284 1431 333 1467 tis
350 1429 452 1467 Vlll.
470 1455 481 1472 ,
506 1428 543 1465 δέ
570 1429 621 1466 Ul
637 1430 721 1465 bani
740 1430 880 1475 pariter
895 1429 1001 1466 vm.
1021 1427 1336 1466 Praedecefforum
1355 1426 1597 1468 Nostrorum,

280 1480 440 1530 aliisque
457 1480 692 1528 Apostolicis
708 1507 718 1521 ‚
734 1489 852 1517 etiam
871 1478 909 1517 in
924 1480 1219 1519 Universalibus
1234 1508 1244 1524 ‚
1275 1473 1599 1517 provincialibus-

283 1545 355 1582 que
372 1559 383 1577 ‚
410 1533 447 1570 ὅ(
468 1531 729 1579 Synodalibus
745 1532 936 1570 Conciliis
955 1558 966 1576 ‚
980 1531 1028 1570 ad
1049 1532 1223 1570 favorem
1241 1538 1602 1581 quarumcumque)

284 1584 528 1634 personarum
545 1581 661 1621 editis
678 1611 688 1627 ‚
721 1584 966 1634 generalibus
982 1612 993 1627 ‚
1023 1585 1083 1622 vel
1103 1583 1327 1634 specialibus
1346 1579 1604 1622 Constitutio—

283 1637 411 1680 nibus,
425 1635 461 1672 ὃς
478 1634 805 1673 Ordinationubus
819 1663 830 1680 ‚
846 1647 996 1674 necnon
1014 1636 1242 1683 quorumvis
1260 1634 1452 1674 Ordinum
1470 1658 1481 1675 ‚
1495 1629 1606 1668 Con-

283 1687 557 1737 gregationum
581 1713 592 1730 ‚
616 1687 872 1730 Societatum‚
888 1698 930 1724 ac
944 1688 1211 1726 Institutorum
1227 1714 1238 1731 ‚
1252 1687 1383 1725 aliisve
1397 1681 1604 1733 quibusvis,

285 1740 404 1777 etiam
424 1741 648 1784 juramento
665 1766 674 1782 ‚
704 1737 1002 1776 confirmatione
1019 1739 1239 1786 Apostolica
1255 1765 1266 1781 ‚
1292 1739 1353 1776 vel
1376 1735 1512 1781 Quavis
1537 1731 1607 1788 fir-

283 1792 424 1828 mitate
440 1791 517 1827 alia
538 1788 742 1830 roboratis,
762 1790 910 1825 stamus
926 1816 936 1833 ‚
954 1791 987 1826 fix
1009 1789 1350 1827 consuetudinibus
1367 1784 1607 1832 :privilegiis

283 1853 432 1890 quoque
448 1868 458 1884 ,
489 1838 677 1883 indultis,
705 1839 743 1878 ὃ(
767 1837 911 1878 Literis
939 1841 1174 1891 Apostolicis
1201 1840 1342 1879 eisdem
1367 1836 1606 1881 Ordinibus,

287 1889 668 1943 Congregationibus
687 1918 698 1935 ‚
714 1891 971 1931 Societatibus
988 1920 999 1936 ‚
1012 1892 1050 1931 Sc
1064 1893 1270 1939 lnststmis,
1287 1892 1352 1932 sub
1366 1889 1608 1942 quibuscum-

286 1957 358 1994 que
386 1946 595 1983 verborum
619 1943 842 1989 tenoribus,
866 1945 903 1983 ὃς
927 1944 1084 1990 formis,
1109 1945 1144 1982 ὃ(
1164 1956 1251 1982 cum
1268 1943 1459 1993 quibusvis
1484 1940 1607 1978 etiam

286 1996 622 2046 derogatoriarurn
641 1995 900 2044 derogatoriis
917 2025 928 2043 ‚
951 1995 1107 2044 aliisque
1134 1995 1405 2036 efficaciffimis
1419 2022 1429 2039 ‚
1454 1992 1492 2030 δέ
1508 1990 1610 2029 inso-

284 2049 365 2086 litis
396 2048 575 2086 clausulis
594 2075 604 2092 ‚
636 2047 882 2086 irritantibus
902 2075 913 2092 ‚
941 2050 977 2089 &
995 2049 1082 2086 aliis
1101 2049 1283 2088 Decretis
1300 2050 1335 2087 in
1353 2057 1491 2096 genere
1506 2071 1517 2088 ‚
1545 2041 1611 2080 Vfi'l

285 2100 324 2138 in
342 2098 493 2149 specie,
518 2099 581 2138 vel
601 2099 694 2137 alias
708 2100 1008 2148 quomodolibet
1028 2102 1065 2139 in
1080 2101 1324 2141 contrarium
1340 2093 1613 2150 praemifforum

285 2150 466 2190 conceffis
488 2179 499 2198 ,
529 2150 801 2198 confirmatis,
832 2153 871 2191 ὃς
900 2151 1095 2192 innovatis
1115 2180 1125 2191 .
1156 2153 1308 2201 Qibus
1332 2150 1540 2191 omnibus,
1574 2148 1613 2186 SC

285 2205 443 2254 fingulis
460 2231 471 2249 ‚
503 2203 656 2242 etiarnfi
676 2215 744 2253 pro
759 2202 962 2244 sufficienti
989 2205 1142 2244 illorum
1173 2204 1430 2255 derogatione
1449 2200 1495 2239 de
1514 2198 1613 2243 illis,

285 2268 493 2305 eorumque
516 2256 609 2293 totis
634 2256 830 2294 tenoribus
844 2256 1015 2305 specialis
1033 2285 1043 2300 ,
1057 2256 1228 2307 specifica
1246 2286 1256 2303 ,
1273 2251 1524 2297 &individua
1544 2279 1554 2296 ‚
1569 2262 1615 2289 ac

287 2307 334 2345 de
350 2308 470 2345 verbo
504 2307 552 2345 ad
567 2308 750 2351 verbum,
765 2319 839 2347 non
853 2318 984 2347 autem
1006 2321 1069 2357 per
1086 2310 1268 2348 clausulas
1283 2308 1495 2359 generales,
1510 2301 1616 2341 idem

291 2359 490 2410 importan
502 2367 558 2399 tes
569 2386 584 2406 2
601 2368 751 2399 mentio
761 2389 774 2409 ,
794 2360 855 2400 seu
871 2362 1014 2411 quaevis
1029 2361 1105 2401 alia
1122 2361 1305 2412 expreffio
1318 2356 1493 2403 habenda
1506 2384 1528 2446 l,
1547 2362 1614 2394 aut

1480 2420 1502 2446 a
1521 2418 1608 2457 iqua

1621 277 1902 309 SeminariorunL,

1620 321 1752 350 Clericis
1776 320 1898 351 incum-

1616 362 1759 398 bendum
1776 365 1788 396 ἓ

1613 655 1783 684 Decretum
1819 653 1889 684 iri-¹1-

1613 705 1684 727 tans
1696 718 1705 731 ‚
1717 704 1790 724 cum
1805 697 1891 726 clau-

1615 737 1682 768 sula.
1693 735 1816 769 sublata
1828 759 1838 769 .

1626 1379 1796 1408 Decretum
1809 1375 1901 1406 dero·

1626 1428 1707 1459 gans
1719 1440 1727 1449 .
