2043 2958
537 273 836 362 Mysticis
857 275 953 337 his
976 277 1230 336 monitis
1249 314 1267 342 ‚
1289 294 1360 334 ac
1382 274 1701 355 praeceptis

373 364 659 431 instituta
686 359 923 425 Christi
943 359 1239 430 Ecclesia,
1275 358 1436 424 nihil
1474 358 1560 422 ad.
1592 356 1702 417 do-

378 452 610 523 etrinae,
632 449 1103 532 cliiciplinaeque
1125 447 1409 510 salutaris
1427 444 1701 509 fruc'tum

374 535 846 603 conducibilius
866 539 1186 618 reputavit
1202 581 1217 605 ,
1241 538 1431 619 quam
1466 552 1540 595 ut
1556 553 1703 614 pru-

377 628 594 689 dentes
612 623 773 683 servi
796 664 811 690 ‚
847 644 1005 704 quos
1023 620 1233 703 posuit
1258 621 1580 684 Dominus
1596 637 1704 677 cu-

378 709 660 776 stodesiu
678 712 878 764 vineis
900 744 914 769 ‚
947 707 1114 765 ssutiz
1138 706 1524 785 temporibus
1555 725 1705 765 con·

377 797 667 859 venirent
701 792 768 850 in
804 810 1003 850 unum
1030 834 1044 855 ,
1080 808 1424 870 eorumque
1460 786 1702 848 collatis

378 887 447 945 in
474 896 813 942 commune
847 872 1114 934 confiliis
1134 916 1148 938 ‚
1192 895 1388 935 mores
1420 872 1707 935 emenda-

383 984 628 1033 rentur,
668 959 1098 1023 controverfiae
1135 976 1655 1042 componerentur
1690 1000 1707 1025 ,

383 1056 709 1131 vineaeque
749 1044 1033 1104 florentes
1070 1047 1257 1104 latius
1298 1044 1516 1104 darent
1551 1042 1710 1103 odo-

385 1160 511 1202 rem
535 1135 749 1195 suum.
799 1129 1019 1208 Itaque
1052 1148 1157 1210 per
1199 1127 1392 1188 sacros
1417 1127 1710 1189 Canones

387 1224 542 1306 saepe
589 1217 907 1279 decretum
940 1258 955 1283 ,
1013 1232 1087 1276 ut
1131 1211 1413 1295 quolibet
1461 1211 1713 1292 saltem-o

390 1308 665 1373 triennio
687 1300 1088 1381 uniuscujusq
1101 1323 1174 1361 ue
1195 1301 1540 1361 Provinciae
1566 1300 1713 1380 Epi-

395 1394 597 1474 scopi,
634 1390 908 1469 legitime
926 1392 1314 1466 congregati,
1353 1385 1714 1449 Provincia-

392 1481 515 1543 lem
556 1469 898 1558 Synoduin
946 1470 1360 1542 celebrarent3
1409 1492 1712 1554 eumque)

394 1584 664 1630 morem,
703 1558 892 1620 ficubi
928 1556 1347 1626 obsolevisset,
1396 1555 1717 1622 Sacrosan-

396 1652 492 1718 &a
512 1644 889 1713 Tridentina
913 1641 1214 1725 Synodus
1250 1641 1678 1706 renovandum
1696 1688 1710 1711 ‚

396 1728 978 1810 restituendumque
995 1733 1261 1793 curavit.
1283 1734 1388 1795 Ac
1414 1729 1552 1792 Nos
1576 1735 1716 1811 qui-

398 1824 713 1890 dem‚cum
737 1818 804 1876 in
820 1815 1256 1878 Beneventana
1285 1813 1488 1879 nostra
1509 1816 1716 1878 Eccle-

398 1910 480 1972 fia
514 1903 940 1970 resideremus,
970 1899 1332 1981 gravissimis
1369 1903 1515 1962 licet
1556 1900 1718 1961 cala-

398 1990 727 2060 mitatibus
765 1985 1134 2053 confliclati,
1166 2005 1235 2044 ac
1255 1983 1716 2046 terraemotibus

399 2076 779 2145 horribiliter
797 2076 916 2153 jam
942 2075 1125 2134 tertio
1148 2070 1415 2132 concuffi
1435 2116 1449 2139 ,
1491 2093 1560 2131 ac
1580 2091 1719 2152 pro-

398 2189 475 2250 pe
507 2164 700 2226 ruinis
739 2157 995 2241 oppreffi
1022 2204 1035 2227 ,
1085 2154 1575 2239 Metropoliipsa
1595 2154 1717 2214 col-

399 2251 603 2333 lapsa,
649 2252 712 2310 &
745 2245 875 2306 solo
913 2251 1068 2328 pene
1101 2260 1376 2324 aequata,
1432 2243 1501 2306 Β.
1535 2241 1715 2302 ΡΗΙ-

400 2336 619 2403 LIPPI
654 2331 921 2399 NERH
967 2330 1247 2414 praesenti
1289 2350 1406 2412 ope
1450 2329 1708 2396 servati,

1570 2430 1711 2460 CRHC·
