2043 2958
616 209 682 262 ἈΒ
701 215 984 266 CONCILIUM
1004 212 1263 266 ROMANUM
1283 245 1293 256 .
1512 224 1606 270 205

299 286 459 338 nequit,
483 293 525 325 ut
552 286 735 326 indebitae
760 287 1061 332 carcerationis‚
1086 286 1148 324 vel
1161 293 1318 322 torturae
1335 309 1347 328 ‚
1371 287 1434 320 aut
1451 292 1608 318 excom-

296 340 597 384 manicationis,
618 342 738 379 etiam
762 340 1009 378 comminatae
1031 368 1043 385 ,
1072 338 1316 387 appellaturs
1345 333 1495 373 nonnisi
1518 334 1606 372 vifis

289 391 411 430 -Aetis
426 420 435 436 ,
448 404 492 430 ex
506 392 639 442 quibus
650 393 851 432 evidenter
871 401 1049 441 appareat
1071 391 1118 428 de
1132 388 1358 439 gravamine
1370 416 1381 433 ‚
1399 385 1608 436 appellatio

298 443 532 483 admittatur
545 474 555 491 ,
570 453 635 483 aut
651 445 835 484 inhibitio
847 473 858 490 ‚
876 446 936 483 vel
953 443 1120 492 provisio
1136 443 1263 491 aliqua
1276 440 1509 480 concedatur
1524 465 1533 475 .

349 495 401 534 X.
456 497 578 536 Causa
598 498 866 547 appellationis
890 496 1085 546 pendente
1112 523 1124 540 ‚
1155 494 1349 543 appellans
1378 493 1416 529 in
1442 490 1579 529 eodem
1592 517 1605 536 ‚

299 560 374 599 quo
399 551 585 597 reperitur
606 561 780 595 carcere,
806 548 1045 599 permanebit
1060 575 1071 593 ‚
1101 545 1227 597 quoad
1241 545 1364 589 judex
1382 570 1396 589 ,
1417 542 1465 581 ad
1492 554 1607 591 quem

299 602 512 651 appellatus
526 603 577 641 est
592 629 602 645 ‚
615 602 701 640 vifis
717 603 810 641 actis
823 629 834 646 ‚
847 600 884 638 S<
897 600 1019 640 Causa
1032 598 1190 652 cognita
1206 625 1216 642 ,
1234 597 1347 635 ahter
1362 594 1576 633 decreverit
1597 607 1608 632 ι

300 654 338 692 &
353 661 444 691 tunc
464 655 488 692 fi
504 656 524 693 a
535 654 693 702 judicis,
707 654 755 692 ad
769 666 884 704 quem
898 653 1055 691 decreto
1068 679 1079 697 ‚
1097 652 1177 690 vim
1198 647 1413 689 definitivae
1426 647 1609 691 habente,

298 704 416 761 fuerit
433 709 666 756 appellatum
680 735 691 752 ‚
706 708 801 745 nihil
818 705 1003 744 mandare
1015 731 1028 750 ,
1053 712 1117 741 aut
1133 715 1200 752 pro
1218 701 1269 740 sui
1284 701 1429 739 decreti
1444 710 1610 748 exequu-

301 764 407 796 tione
424 767 616 798 attentare
632 761 773 808 poterit
786 787 798 805 ‚
822 759 946 796 donec
961 769 1026 807 per·
1040 755 1222 806 Judicetn
1238 754 1481 803 Superiorem
1507 749 1611 789 aliud

299 808 415 849 suerit
430 812 651 850 ordinatum
665 840 674 848 .

354 860 423 899 XI.
533 864 634 900 Aeta
651 863 854 910 originalia
876 860 1063 912 processus
1088 860 1217 910 primae
1243 855 1431 897 instantiae
1449 852 1614 901 adjudi-

304 924 392 970 cern
416 914 682 964 appellationis
701 914 886 953 Notarius
908 916 1065 951 mittere
1086 924 1164 951 non
1181 918 1363 960 cogatur,
1388 907 1456 946 nisi
1475 905 1614 955 proba-

303 965 391 1002 bilis
405 967 532 1015 aliqua
548 964 721 1004 falfitatis
737 968 844 1006 causa
860 993 870 1010 ,
898 968 937 1006 ὃς
951 964 1106 1013 suspicio
1128 963 1274 1001 incidat
1292 989 1303 1006 ‚
1328 972 1408 1011 quae
1422 957 1614 1005 judiciali-

305 1025 365 1054 ter
381 1018 582 1061 objiciatur
596 1033 611 1057 5
638 1019 676 1055 &
693 1027 784 1055 tunc
796 1045 806 1061 ,
823 1020 1034 1056 terminata
1050 1016 1159 1053 causa
1175 1041 1187 1060 ‚
1213 1011 1449 1052 remittenda
1463 1010 1547 1047 sunt
1566 1007 1614 1046 ad

305 1067 558 1107 Ordinarium
573 1094 584 1112 ‚
601 1075 642 1105 ut
658 1067 696 1105 in
716 1069 782 1106 suo
797 1069 973 1106 Archivo
993 1066 1265 1104 conserventur
1284 1092 1293 1101 .

358 1119 447 1159 XII.
502 1119 671 1159 Censura
688 1120 948 1158 Ecclesiastica
966 1117 1005 1156 in
1019 1118 1301 1167 Appellantem
1321 1115 1466 1165 prolata
1480 1141 1491 1159 ‚
1514 1114 1616 1151 rela-

306 1173 390 1210 xari
401 1199 411 1217 ‚
426 1180 492 1210 aut
506 1172 609 1210 nulla
622 1172 810 1210 declarari
827 1169 1083 1219 per-,Iudicem
1103 1168 1370 1218 appellationis
1384 1179 1461 1205 non
1481 1163 1589 1211 poffit
1601 1191 1613 1208 ‚

308 1225 379 1261 nifi
392 1223 530 1260 auditis
545 1223 716 1260 Partibus
731 1249 743 1268 ‚
757 1222 795 1260 8<
811 1222 933 1261 Causa
952 1221 1107 1270 cognita
1122 1235 1136 1261 ,-
1165 1227 1349 1267 tuncque,
1366 1220 1390 1256 fi
1404 1216 1616 1256 constiterit

308 1287 395 1313 eam
420 1276 555 1319 justam
574 1272 644 1311 esse
661 1302 671 1318 ‚
697 1274 745 1310 ad
759 1274 938 1322 JudiCem
955 1299 967 1316 ‚
992 1272 1056 1320 qui
1071 1270 1426 1309 excommunicavit
1445 1297 1456 1314 ‚
1470 1267 1618 1317 Appel-

308 1327 394 1366 lans
410 1325 665 1364 remittendus
686 1327 737 1362 est
753 1352 764 1370 ‚
779 1333 818 1362 ut
842 1324 889 1361 ab
903 1323 996 1372 ipso,
1017 1326 1124 1368 juxta
1139 1323 1274 1360 Sacros
1289 1322 1486 1365 Canones‚
1501 1321 1620 1356 bene-—

307 1377 439 1416 ficium
454 1374 732 1427 absolutionis*2
757 1378 783 1414 si
805 1376 1007 1414 humiliter
1021 1374 1201 1423 petierit,
1216 1372 1463 1422 debitamque
1480 1382 1618 1408 emen·—

309 1431 515 1469 dationem
538 1430 747 1476 praestiterit
763 1455 774 1472 ‚
802 1428 1003 1464 obtineat:
1034 1426 1060 1462 fi
1085 1427 1180 1463 vero
1209 1425 1385 1470 injustam
1414 1419 1486 1461 effe
1514 1422 1616 1460 clarc

312 1491 470 1532 apparet
485 1507 497 1525 ‚
520 1480 686 1529 superior
702 1479 981 1517 absolutionem
1001 1475 1198 1524 impendat
1212 1490 1227 1516 ,-
1255 1476 1280 1513 si
1296 1475 1495 1513 dubitetur
1512 1499 1523 1517 ‚
1554 1475 1625 1510 ho·

312 1533 451 1572 nestius
476 1533 526 1570 est
540 1560 551 1578 ‚
583 1540 625 1570 ut
641 1531 689 1570 ad
702 1530 1134 1569 excommunicatorem
1160 1528 1261 1565 intra
1277 1527 1434 1565 brevem
1450 1523 1621 1573 aliquem

310 1593 600 1633 competentem
616 1584 841 1627 terminum,
860 1581 984 1619 eidem
1000 1576 1541 1629 praefigendum‚absolvendus
1566 1588 1624 1613 re-

312 1638 492 1675 mittatur
506 1651 521 1677 2‘
536 1635 625 1674 licet
641 1635 758 1674 etiam
773 1632 940 1682 superior
955 1634 1027 1670 hoc
1044 1631 1128 1669 casu
1141 1629 1301 1680 idipsum
1316 1641 1382 1678 per
1398 1630 1434 1667 se
1450 1628 1622 1677 praestarc

315 1690 397 1735 jure
414 1687 522 1737 poffit
537 1716 546 1726 .

369 1740 474 1780 XIII.
532 1740 739 1779 Absolutio
758 1740 807 1779 ad
823 1739 1031 1783 cautelam,
1047 1736 1195 1776 nonnifi
1211 1745 1318 1786 parte
1333 1737 1470 1779 citata,
1486 1733 1524 1771 &t
1541 1732 1626 1771 visis

318 1793 429 1832 Actis
443 1817 455 1835 ‚
466 1803 557 1829 cum
573 1791 768 1830 dubitatur
782 1791 828 1828 de
844 1791 1026 1830 nullitate.
1036 1785 1471 1829 excommunicationis,
1493 1785 1540 1822 ab
1556 1786 1628 1821 ho-

315 1844 420 1882 mine
437 1843 590 1891 prolatae
603 1869 614 1886 ‚
630 1842 691 1879 vel
706 1842 727 1880 a
741 1845 837 1887 jure,
852 1842 878 1878 si
892 1849 1069 1878 occurrat
1092 1838 1252 1878 dubium
1265 1840 1356 1878 faeti
1373 1866 1385 1884 ‚
1408 1837 1472 1875 vel
1489 1835 1629 1884 proba-

315 1893 394 1934 bile
410 1893 570 1931 dubium
585 1894 675 1938 juris
689 1920 701 1938 ‚
715 1891 964 1931 concedenda
978 1889 1050 1929 erit
1065 1906 1080 1932 ,-
1097 1899 1264 1940 tuncque
1282 1890 1331 1930 ad
1347 1899 1497 1937 tempus
1511 1889 1629 1924 breve

316 1959 406 1985 cum
422 1943 676 1983 reincidentia
691 1972 702 1990 ‚
726 1945 764 1985 ὃς
781 1945 939 1994 praestita
970 1956 1034 1992 per
1047 1943 1424 1981 excommunicatum
1451 1938 1630 1976 cautione

317 2000 366 2037 de
387 1998 520 2035 stando
534 1999 605 2042 juri
619 2024 630 2041 ‚
658 1995 696 2034 &L
722 1995 892 2045 parendo
921 1994 1112 2032 mandatis
1137 1993 1312 2032 Ecclefiae
1341 1994 1520 2031 tantum:
1551 1991 1588 2027 δέ
1604 1990 1630 2028 fi

315 2053 421 2097 juxta
436 2049 613 2092 formam,
626 2051 646 2087 a
659 2050 744 2093 jure
763 2046 1029 2097 praescriptam‚
1045 2045 1238 2095 apparebit
1253 2073 1264 2091 ‚
1277 2057 1391 2094 quem
1407 2043 1455 2080 ob
1471 2040 1635 2079 manife-

319 2103 416 2140 stam
430 2099 610 2138 offensam
626 2098 1005 2138 excommunicatum
1022 2097 1127 2136 fuifl'e
1142 2124 1153 2142 ‚
1167 2096 1337 2135 debitam
1352 2096 1471 2133 etiam
1488 2092 1632 2130 satisfa-

321 2154 493 2191 ctionem
508 2153 674 2201 praestare
687 2179 699 2197 ‚
729 2151 766 2188 &L
783 2152 810 2189 fi
831 2152 880 2188 ob
894 2150 1182 2188 contumaciam
1199 2148 1439 2187 manifestam
1457 2174 1468 2192 ‚
1492 2155 1637 2193 expen-

319 2205 367 2243 fis
401 2205 542 2253 pariter
573 2203 789 2242 satisfacere
816 2230 827 2247 ‚
856 2204 894 2242 Sc
918 2214 1054 2241 cavere
1092 2201 1139 2239 de
1168 2199 1313 2246 judicio
1336 2227 1347 2244 ‚
1377 2198 1449 2237 sisti
1478 2207 1634 2234 coram

323 2253 709 2295 excommunicatore
738 2255 770 2293 is
795 2254 1017 2300 tenebitur,
1040 2252 1252 2304 priusquam
1279 2252 1327 2290 ad
1355 2250 1545 2289 cautelam
1564 2248 1635 2285 ab-

326 2308 498 2346 solvatur
515 2336 524 2345 .

375 2357 487 2399 XIV.
544 2360 584 2400 A
612 2359 801 2399 sententia
824 2358 943 2400 etiam
957 2354 1184 2404 definitiva,
1198 2362 1333 2396 contra
1346 2366 1480 2395 verum
1502 2358 1638 2391 contu-

1483 2414 1636 2443 macem
