2043 2958
211 277 213 282 ¹
590 217 891 270 Tmuws
946 217 1145 268 XVII.
1463 221 1530 273 6'9

214 323 252 345 „
288 287 365 337 bit
391 324 408 346 ,
426 291 478 337 in
503 288 696 357 scriptis
716 289 803 338 effe
822 290 1154 356 approbandas
1173 307 1188 345 3
1210 284 1294 333 nisi
1313 304 1426 333 cum
1448 284 1531 332 ab·

216 392 251 415 „
290 357 441 408 sentia
456 360 682 410 inciderit
697 376 897 430 propter
916 359 1113 426 aliquod
1127 375 1324 413 munuS‚
1345 358 1394 405 &
1415 356 1534 405 Rei-

215 462 251 486 „
290 429 407 498 pub.
430 430 648 480 officium
667 469 685 489 ,
721 432 1089 498 Episcopatibus
1109 429 1418 492 adjunftum:
1453 445 1537 474 cu-

216 534 252 557 „
282 506 361 562 jus
378 505 610 568 quoniam
630 502 775 551 causae
802 500 911 549 sunt
927 505 1132 549 notoriae
1153 537 1169 558 ‚
1209 503 1258 550 ὃς
1288 498 1537 547 interdum

219 604 256 627 2,
295 575 558 638 repentinae
580 609 596 630 ,
615 593 674 623 ne
693 592 768 622 eas
784 572 985 639 quidem
1004 571 1261 640 significari
1279 569 1538 634 Metropo-

221 674 258 697 „
296 642 452 690 litano
481 644 666 692 neceffe
701 648 822 692 erit:
853 643 910 690 ad
946 643 1172 693 eumdem
1197 659 1362 690 tamen
1385 657 1538 688 cum-2

223 745 259 767 ‚‚
297 712 531 761 Concilio
568 713 860 781 provinciali
894 711 1360 779 spestabitjudicare
1393 710 1450 757 de
1478 708 1540 754 li-

222 815 259 837 „
298 786 470 831 centiis
489 803 512 831 a
527 783 572 832 se
590 820 606 840 ,
625 784 705 832 vel
727 804 750 832 a
771 783 1078 848 Suffraganeo
1095 783 1217 830 datis
1241 817 1256 838 ‚
1270 784 1319 830 ὃς
1335 780 1502 828 videre
1522 813 1540 834 ‚

227 885 263 907 2,
298 871 359 900 ne
373 858 482 919 quis
505 852 681 914 eojure
697 853 924 900 abutatur
942 871 956 908 3
977 854 1023 900 ἃ
1045 866 1098 898 ut
1119 855 1254 917 penis
1275 851 1537 900 Canonicis

226 956 262 978 2,
300 939 511 971 errantes
531 927 792 991 puniantur
808 958 817 967 .
836 922 1023 969 Interea
1036 923 1353 968 meminerint
1367 916 1539 967 disces-

224 1025 260 1046 „
296 990 414 1048 suri,
435 997 501 1041 ita
518 994 694 1043 ovibus
707 993 802 1041 suis
823 991 1183 1057 providendum
1196 1026 1212 1048 ‚
1228 1005 1278 1037 ut
1300 1003 1539 1057 quantum

225 1095 261 1116 „
299 1061 405 1108 fieri
423 1067 604 1127 poterit
617 1098 634 1120 ,
651 1081 714 1111 ex
731 1061 949 1130 ipsorum
966 1059 1174 1110 absentia
1193 1059 1390 1111 nullum
1402 1058 1539 1109 dam-

228 1165 264 1187 „
300 1150 419 1180 num
439 1138 682 1201 accipiant
700 1171 713 1181 .

367 1239 404 1260 2,
441 1205 685 1267 Qoniam
703 1218 865 1252 autem
882 1242 898 1263 ,
932 1207 1019 1273 qui
1052 1202 1396 1271 aliquantisper
1433 1216 1540 1250 tan-

226 1307 264 1329 „
303 1276 411 1320 tum
440 1274 630 1333 absunt,
650 1293 712 1323 ex
740 1290 966 1323 veterum
988 1274 1247 1324 Canonum
1265 1271 1539 1320 sententia„

220 1376 256 1398 ,,
293 1361 389 1391 non
411 1345 641 1394 videntur
661 1344 830 1402 abesse,
846 1350 961 1412 quia
980 1344 1139 1392 statim
1154 1342 1393 1393 reversuri
1410 1341 1538 1401 sunt3

223 1447 261 1468 2,
299 1411 589 1464 sacrosanCia
613 1415 838 1481 Synodus
858 1416 999 1472 vult,
1035 1415 1159 1462 illud
1180 1413 1405 1462 absentiae
1434 1411 1540 1479 spa-

218 1517 255 1538 „
293 1488 420 1534 tium
448 1485 643 1552 singulis
663 1489 829 1541 annis,
863 1485 956 1534 slve
977 1487 1266 1532 continuum
1286 1519 1303 1541 ,
1342 1481 1436 1530 slve
1465 1486 1540 1529 in-

218 1586 254 1608 „
293 1567 572 1622 terruptum
593 1593 610 1613 ‚
643 1570 780 1605 extra
797 1555 1048 1621 praedietas
1067 1554 1223 1601 causas
1243 1589 1259 1609 ,
1295 1551 1432 1601 nullo
1451 1571 1537 1619 pa-

222 1657 258 1678 „
294 1624 373 1672 &0
389 1625 567 1673 debere
584 1625 702 1673 duos
722 1660 738 1681 ,
773 1639 852 1672 aut
881 1625 938 1672 ad
957 1625 1201 1672 summum
1234 1637 1330 1671 tres
1350 1621 1536 1671 menses

223 1726 258 1747 ‚2
296 1694 528 1744 excedere
549 1715 564 1754 3
596 1697 643 1745 ἃ
671 1694 842 1743 haberi
858 1699 1095 1743 rationem
1115 1730 1130 1751 ,
1167 1709 1220 1741 ut
1255 1693 1306 1741 id
1325 1711 1458 1760 aequa
1475 1711 1538 1741 ex

224 1795 259 1816 2,
301 1763 434 1811 causa
454 1765 534 1813 fiat
554 1801 570 1822 ‚
598 1768 646 1814 &
667 1765 842 1830 absque
876 1765 981 1812 ullo
1006 1768 1167 1831 gregis
1195 1763 1490 1811 detrimento
1521 1781 1534 1809 :

218 1865 254 1887 ‚,
293 1834 423 1899 quod
442 1853 500 1881 an
528 1839 596 1882 ita
615 1834 669 1881 stt
684 1869 700 1890 ,
738 1832 1099 1882 abscedentium
1125 1832 1430 1881 conscientiae
1461 1850 1535 1879 re-

217 1936 254 1958 „
293 1903 478 1969 linquit
498 1939 513 1960 ,
543 1921 690 1970 quam
707 1902 862 1970 sperat
880 1902 1153 1970 religiosam
1171 1904 1220 1952 &
1255 1906 1535 1953 timoratam

220 2005 256 2027 2,
284 1972 385 2022 fore
403 1994 417 2032 ;
450 1977 564 2021 cum
585 1973 695 2022 Deo
725 1973 868 2020 corda
885 1988 1080 2041 pateant
1095 2009 1110 2029 ,
1145 1978 1217 2034 cuj
1227 1991 1278 2020 us
1298 1991 1418 2040 opus
1436 1990 1534 2020 non

221 2076 257 2099 ,,
294 2042 623 2093 fraudulenter
637 2061 774 2111 agere
787 2042 868 2091 suo
887 2041 1108 2110 periculo
1128 2058 1351 2091 tenentur
1371 2079 1382 2090 .
1423 2039 1535 2092 Eos-

220 2146 256 2169 „
294 2114 407 2161 dem
426 2118 625 2162 interim
641 2114 864 2162 admonet
884 2150 900 2171 ,
920 2116 969 2164 ὃς
986 2117 1037 2161 in
1049 2112 1274 2163 Domino
1291 2113 1534 2169 hortatur,

222 2217 258 2238 ,,
295 2202 355 2231 ne
375 2202 460 2251 per
479 2184 613 2232 illius
635 2187 870 2251 temporis
891 2184 1096 2252 spatium
1113 2220 1128 2241 ,
1147 2184 1405 2233 Dominici
1426 2183 1537 2232 Ad-

221 2287 257 2309 „
294 2270 469 2303 ventus
489 2290 505 2312 ,
525 2253 907 2322 Qadragesimae
921 2291 938 2313 ,
955 2255 1245 2303 Nativitatis
1265 2291 1282 2313 ,
1300 2253 1539 2304 Resurre-

221 2356 258 2380 ,,
295 2325 469 2375 &ionis
483 2325 692 2376 Domini
710 2360 728 2384 ‚
760 2324 1056 2376 Pentecostes
1074 2329 1195 2374 item
1211 2361 1228 2385 ,
1265 2327 1316 2378 &
1342 2323 1537 2391 Corpo-

1473 2413 1540 2444 ris
