2043 2958
145 1039 240 1071 Fides
264 1041 425 1080 prasenti-

145 1083 203 1112 bus
217 1083 364 1116 habenda
378 1106 388 1117 .

151 1767 321 1798 Decretum
345 1775 426 1797 ton-

146 1816 196 1839 tra
215 1812 406 1841 temerantes
419 1829 427 1841 .

463 225 559 280 146
925 220 1300 269 APPENntx

456 291 575 329 etiam
602 288 914 329 confistorialiter
929 315 941 336 ,
969 304 1014 331 ac
1037 293 1131 331 alias
1155 290 1450 342 quomodolibet
1476 292 1514 330 in
1528 293 1766 334 contrarium

457 342 727 392 praemiss'orum
755 342 936 381 conceffis
948 371 961 390 ‚
989 344 1229 383 confirmatis
1247 372 1259 390 ‚
1286 344 1323 382 &z
1346 342 1544 383 innovatis
1569 360 1586 386 ,ς
1613 345 1764 395 Qibus

455 395 634 434 omnibus
647 422 659 440 2
688 394 726 431 ὅ(
742 395 894 443 fingulis
907 421 919 441 ‚
946 397 1094 436 etiamsi
1123 410 1193 447 pro
1208 394 1409 435 sufficienti
1425 397 1581 435 illorum
1605 397 1767 450 deroga—

458 447 564 486 tione
578 448 624 486 de
638 446 714 485 illis
729 474 740 492 ,
753 459 963 498 eorumque
977 449 1177 488 tenoribus
1191 450 1363 498 specialis
1380 476 1392 495 ‚
1408 446 1580 500 specifica
1594 476 1607 494 ‚
1624 449 1770 498 expres-

458 500 494 537 sa
513 526 524 542 ‚
543 501 582 539 ὅ(
600 498 812 545 individua,
831 512 874 538 ac
889 501 938 538 de
954 503 1075 542 verbo
1091 501 1138 540 ad
1155 502 1331 547 verbum,
1347 514 1424 541 non
1441 511 1572 540 autem
1586 513 1650 549 per
1660 502 1767 539 clau-

457 553 555 590 sulas
582 552 778 602 generales
805 552 909 590 idem
938 554 1216 600 importantes,
1240 555 1390 593 mentio
1414 582 1428 600 ,
1452 555 1511 592 seu
1536 552 1675 602 quaevis
1694 552 1768 591 alia

457 603 642 652 expreflio
654 603 829 642 facienda
845 631 857 649 ‚
880 613 943 644 aut
959 608 1087 656 aliqua
1100 608 1175 644 alia
1190 607 1375 654 exquisita
1391 607 1515 644 forma
1529 605 1578 644 ad
1593 607 1667 642 hoc
1688 605 1765 642 ser-

456 654 586 692 vanda
598 654 700 693 foret
714 680 726 700 ‚
740 654 895 694 illorum
911 659 1087 697 omnium
1101 686 1113 703 ‚
1125 659 1165 697 &
1177 657 1410 708 fingulorum
1424 667 1593 702 tenores,
1606 656 1765 702 formas,

456 707 495 745 &a
507 708 724 745 occafiones
740 734 751 752 ‚
776 719 820 745 ac
835 709 910 747 alia
924 711 1043 749 etiam
1060 708 1210 760 speciali
1227 709 1460 760 expreffione
1476 710 1595 761 digna
1609 709 1767 757 praesen-

457 758 560 796 tibus
585 772 652 808 pro
666 759 774 809 plen'e
789 787 802 805 ,
826 759 864 797 δε
881 761 1111 801 sufficienter
1123 761 1300 812 expreffis
1314 791 1326 809 ‚
1352 763 1500 801 insertis
1515 789 1526 807 ‚
1550 773 1595 799 ac
1611 760 1768 799 servatis

456 810 665 858 respefflve
692 811 873 851 habentes
886 841 897 859 ‚
921 817 994 853 hac
1011 815 1098 854 vice
1109 814 1311 853 dumtaxat
1329 843 1341 860 ‚
1366 813 1446 853 illis
1462 814 1556 852 alias
1572 812 1610 849 in
1627 813 1691 850 suo
1705 825 1770 850 ro-

456 861 551 899 bore
573 862 851 913 permansuris,
875 865 923 903 ad
953 864 1225 914 praemissorum
1253 867 1431 904 effedwm
1456 861 1698 913 specialiter,
1730 863 1769 902 &

457 914 627 962 expresse
638 914 870 962 derogamus
883 943 894 961 ‚
919 929 964 956 ac
977 917 1208 965 derogatum
1226 915 1296 955 effe
1313 917 1491 957 volumus
1502 944 1515 962 ‚
1530 916 1771 966 ceterisque)

455 966 660 1004 contrariis
677 966 973 1019 quibuscumque
990 998 1000 1008 .

563 1018 621 1056 Ut
646 1026 777 1055 autem
799 1020 996 1066 praesentes
1022 1020 1141 1056 literae
1156 1021 1204 1057 ad
1217 1022 1394 1059 omnium
1411 1021 1596 1058 notitiam
1617 1018 1772 1056 facilius

451 1064 659 1106 deveniant
675 1096 686 1114 ,
712 1068 751 1106 δε
766 1081 882 1108 nemo
897 1072 1054 1109 illarum
1069 1070 1332 1121 ignorantiam
1345 1072 1516 1118 allegare
1533 1071 1662 1108 valeat
1679 1097 1691 1114 ‚
1705 1082 1776 1107 vo-

452 1119 578 1158 lumus
603 1121 688 1158 illas
703 1148 714 1165 ‚
740 1120 803 1159 seu
827 1134 961 1162 earum
978 1122 1154 1171 exempla
1169 1149 1180 1167 ‚
1211 1122 1257 1160 ad
1273 1123 1408 1162 valvas
1426 1122 1594 1160 Ecclefiae
1610 1121 1773 1159 Latera-

453 1173 576 1210 nenfis
590 1200 601 1217 ‚
616 1173 655 1211 δὲ
668 1173 832 1211 Basilicae
846 1174 1030 1224 Principis
1045 1175 1340 1223 Apostolorum,
1356 1186 1507 1213 necnon
1522 1173 1772 1211 Cancellariae

452 1223 698 1272 Apostolicae‚
710 1224 906 1274 Curiaeque
922 1224 1160 1277 generalisin
1180 1225 1320 1265 Monte
1331 1225 1545 1269 citatorio,
1558 1224 1655 1262 acin
1673 1222 1775 1262 Acie

454 1275 593 1325 Campi
607 1276 718 1314 Flore
730 1277 777 1313 de
793 1277 959 1323 Urbe,ut
971 1278 1091 1315 moris
1104 1275 1333 1326 est‚affigi‚&
1347 1277 1551 1327 publicaris
1570 1277 1692 1324 sicque
1710 1288 1779 1325 pu·-

453 1327 615 1365 blicatas
633 1355 644 1372 ‚
671 1327 708 1365 8(
722 1327 853 1367 affixas
870 1342 1003 1368 omnes
1019 1356 1030 1374 ‚
1046 1328 1084 1366 ἃ
1100 1329 1266 1378 singulos
1281 1357 1293 1375 ,
1310 1342 1403 1379 quos
1418 1329 1493 1367 illae
1508 1336 1749 1366 concernunt
1765 1354 1778 1372 ,

452 1379 609 1427 perinde
623 1380 826 1424 ar&are‚&
839 1382 1053 1425 afficere‚ac
1069 1381 1096 1417 fi
1110 1381 1316 1429 unicuique
1332 1393 1464 1421 eorum
1481 1379 1774 1425 nominatim‚&

453 1430 704 1478 personaliter
720 1431 909 1471 intimatae
924 1430 1073 1469 fuiffent
1089 1443 1098 1468 :
1116 1440 1236 1480 utque
1250 1432 1415 1482 ipsarum
1434 1432 1672 1482 praesentium
1686 1431 1777 1469 lite-

455 1493 584 1520 rarum
598 1481 863 1531 transumptis,
880 1485 940 1523 seu
955 1483 1154 1531 exemplis,
1169 1482 1292 1522 etiam
1309 1483 1509 1534 impreffis,
1525 1494 1641 1520 manu
1656 1483 1777 1521 alicu-

452 1534 509 1577 jus
525 1531 681 1572 Notarii
698 1534 838 1583 publici
853 1536 1086 1585 subscriptis,
1101 1535 1140 1574 ὃ(
1154 1534 1278 1584 figillo
1293 1537 1451 1582 alicujus
1465 1534 1633 1573 Personae
1651 1534 1690 1571 in
1708 1535 1782 1572 Ec-

455 1585 662 1623 clefiastica
688 1586 893 1637 Dignitate
916 1583 1129 1625 constitutae
1157 1586 1319 1626 munitis
1353 1587 1489 1626 eadem
1512 1588 1665 1636 prorsus
1680 1585 1773 1623 fides

456 1644 539 1674 tam
554 1636 592 1674 in
605 1637 764 1682 judicio,
781 1641 895 1686 quam
913 1647 1022 1676 extra
1036 1636 1148 1683 illud,
1165 1638 1305 1688 ubique
1319 1637 1550 1677 adhibeatur
1564 1664 1575 1680 ‚
1591 1649 1671 1686 quae
1688 1637 1773 1685 ipfis

456 1688 697 1737 praesentibus
711 1688 959 1729 adhiberetur
972 1716 984 1736 ‚
1000 1689 1026 1727 fi
1042 1688 1167 1728 forent
1185 1691 1364 1738 exhibitae
1385 1717 1396 1734 ,
1411 1690 1472 1727 vel
1488 1688 1642 1726 ostensae
1657 1715 1667 1724 .

557 1741 666 1779 Nulli
690 1743 782 1790 ergo
808 1739 973 1780 omnino
998 1742 1203 1779 hominum
1228 1742 1342 1781 liceat
1373 1742 1556 1791 paginam
1575 1742 1673 1778 hanc
1690 1739 1776 1777 No-

455 1794 533 1832 strae
547 1793 762 1832 voluntatis
776 1820 787 1838 ‚
805 1792 1012 1833 sanationis
1025 1821 1037 1839 ‚
1057 1795 1233 1841 praecepti
1248 1821 1259 1839 ,
1275 1791 1477 1837 mandati,
1501 1793 1539 1831 &
1553 1790 1777 1841 derogatio-

457 1847 516 1885 nis
532 1844 740 1895 infringere
753 1872 764 1890 ,
791 1846 852 1885 vel
867 1846 902 1884 ei
917 1845 1005 1883 ausu
1019 1847 1231 1883 temerario
1246 1845 1438 1884 contraire
1454 1871 1465 1880 .
1498 1843 1624 1892 Siquis
1641 1852 1773 1881 autem

456 1900 529 1936 hoc·
556 1905 753 1936 attentare
781 1895 1052 1949 praesumpserit
1078 1925 1089 1942 ‚
1131 1897 1450 1948 indignationem
1480 1893 1774 1943 Omnipotentis

456 1947 530 1989 Dei
546 1977 557 1995 ‚
573 1961 617 1989 ac
631 1950 838 1989 Beatorum
853 1949 971 1993 Petri,
987 1947 1024 1985 δε
1038 1949 1146 1986 Pauli
1163 1950 1440 2000 Apostolorum
1457 1948 1549 1993 ejus,
1566 1946 1601 1984 se
1621 1947 1773 1984 noverit

456 2003 693 2040 incursurum
709 2031 718 2040 .
735 2003 884 2041 Datum
899 1998 1029 2038 Romae
1046 2000 1146 2049 apud
1159 2002 1340 2040 Sanctum
1357 2000 1512 2037 Petrum
1532 2010 1633 2037 anno
1648 1997 1776 2035 Incar-

456 2053 624 2092 nationis
639 2051 855 2092 Dominicae
868 2051 1074 2090 millesimo
1088 2051 1427 2103 septingentefimo
1441 2051 1625 2099 vigefimo
1638 2049 1774 2098 quinto

457 2105 579 2156 pridie
593 2117 714 2144 nonas
729 2102 828 2143 Maii
843 2101 1094 2143 Pontificatus
1111 2105 1227 2145 nostri
1253 2117 1355 2145 anno
1371 2105 1497 2153 primo
1514 2130 1525 2140 .

457 2170 511 2224 P.
531 2167 607 2223 M.
625 2171 773 2225 Card.
796 2171 1100 2222 Prodatarius
1121 2207 1134 2220 .
1232 2174 1284 2222 F.
1307 2173 1453 2223 Card.
1476 2169 1730 2220 Oliverius
1755 2207 1767 2217 .

676 2258 768 2302 Visa
791 2263 838 2303 de
851 2264 966 2305 Curia
987 2263 1014 2303 1.
1033 2264 1078 2303 C.
1099 2258 1336 2312 Archiepisc.
1351 2259 1566 2300 Amasenus
1581 2286 1590 2296 .

554 2330 647 2369 toco
663 2332 694 2370 ›3‹
709 2330 841 2372 Plumbi
851 2357 862 2370 .
1234 2329 1271 2365 L·
1285 2329 1499 2365 Martinettus
1512 2349 1522 2360 .

932 2397 1106 2445 Regiflrata
1118 2398 1150 2433 in
1164 2393 1336 2432 secretaria
1349 2392 1502 2430 Brevium
1514 2414 1526 2426 .
