2043 2958
599 200 912 251 TmuLus
971 196 1144 251 XXI·
1463 203 1522 262 85

207 270 332 324 alio,
367 272 514 338 quam
548 278 876 340 paupertatis,
925 272 1001 322 seu
1040 270 1254 340 professae
1275 271 1333 320 ab
1359 273 1426 320 eis
1449 290 1533 340 ap-

210 340 425 409 probatae
464 342 739 411 Religionis
771 344 916 393 titulo
944 382 961 403 ,
999 344 1139 393 sacris
1171 344 1342 410 poffint
1373 344 1529 391 Ordi-

210 412 353 460 nibus
407 417 592 462 initiari
626 436 641 475 3
689 417 938 466 attendant
972 414 1233 483 Episcopi,
1264 433 1324 462 ne
1360 415 1531 482 Regna

211 482 386 530 larium
425 490 705 552 quempiam
746 488 802 535 ad
843 486 1225 537 Subdiaconatus
1263 485 1533 535 ordinem-2

212 572 529 621 promoveant
549 593 563 613 ,
583 556 613 604 fi
633 560 895 608 initiandus
915 558 1015 626 ipse
1034 595 1050 615 ,
1068 573 1120 606 ut
1141 557 1442 625 exploratius
1473 556 1531 603 de

210 625 440 692 requilito
470 627 628 676 valeat
657 630 976 679 ordinationis
996 629 1145 678 titulo
1166 628 1410 684 constare,
1448 645 1534 675 ex·-

210 695 413 762 pressam
441 697 498 745 de
518 697 740 756 solemni,
754 719 839 767 per
859 719 972 750 eum
993 699 1173 757 emiffa,
1192 698 1403 767 regulari
1418 717 1532 766 pro-

210 765 430 822 fessione,
468 773 658 834 proprii
692 789 790 818 non
826 771 987 820 secum
1017 770 1236 820 attulerit
1265 769 1412 817 fidem
1445 769 1534 817 Su·-

210 840 417 902 perioris
438 872 454 892 ‚
491 838 644 902 deque
677 844 875 904 praeviis
907 844 1159 889 exercitiis
1194 837 1532 905 spiritualibus

210 905 413 973 peraetis
434 905 787 957 attestationem
808 929 906 959 non
939 909 1227 959 exhibuerit
1246 928 1260 967 3
1299 913 1392 957 una
1408 908 1535 976 post-

213 976 417 1024 modum
449 995 563 1024 cum
580 978 859 1029 dimissoriis
885 981 1041 1030 literis
1072 979 1324 1029 servandas
1362 985 1414 1029 in
1433 980 1535 1030 Ar-

215 1049 364 1095 chivo
386 1045 657 1115 Episcopali
675 1083 686 1095 .

699 1167 758 1242 C.
783 1168 834 1215 A
870 1169 923 1216 Ρ.
998 1169 1076 1215 ΙΙ.

289 1266 538 1351 Regztlctres
566 1301 647 1330 non
667 1284 754 1350 nist
774 1285 828 1333 ab
856 1283 1058 1351 Epifiopo
1089 1285 1173 1332 loci
1190 1284 1253 1332 ad
1267 1283 1463 1333 Ordines

460 1354 754 1421 promovendi
772 1390 787 1411 ,
794 1356 991 1421 servata
1016 1354 1169 1422 firma
1190 1355 1288 1405 Dc-

609 1429 722 1473 creti
742 1425 983 1474 Clementis
1008 1423 1144 1472 VIII.

287 1541 336 1590 N
363 1541 458 1593 suis
477 1546 597 1593 vero
618 1541 827 1592 subditis
850 1541 907 1591 ad
925 1543 1250 1592 ordinationes
1281 1540 1534 1592 dimitten=

307 1613 379 1660 dis
405 1649 421 1670 ‚
447 1615 728 1680 Superiores
748 1613 1021 1680 Regulares
1043 1613 1318 1661 Decretum
1339 1612 1418 1661 fel.
1439 1632 1537 1663 rec.

213 1679 488 1732 Clementis
510 1683 650 1733 VIII.
674 1682 866 1732 servent
885 1684 943 1732 ad
962 1700 1175 1750 unguem
1193 1718 1209 1740 ‚
1230 1681 1316 1731 sub
1335 1682 1464 1750 ipsis,
1482 1688 1535 1732 in

215 1749 434 1801 Decreto
469 1754 640 1802 eodem
660 1753 887 1820 expressis
907 1789 923 1810 ‚
952 1753 1100 1801 officii
1119 1789 1135 1810 ,
1170 1755 1219 1802 &c
1238 1754 1492 1820 dignitatis
1515 1790 1530 1811 ,

212 1818 292 1868 seu
309 1821 736 1871 administrationis
757 1859 773 1880 ,
803 1842 857 1870 ac
877 1827 1013 1871 vocis
1041 1823 1208 1870 astivae
1228 1858 1245 1879 ‚
1276 1824 1325 1871 &
1341 1822 1531 1888 paffivae

216 1893 508 1958 privationis
529 1896 690 1959 poenis
710 1927 728 1949 ,
758 1890 957 1959 aliisque
974 1927 990 1949 ‚
1009 1890 1313 1940 summorum
1325 1892 1531 1940 Pontifi-

216 1980 332 2008 cum
366 1961 572 2011 arbitrio
590 1961 840 2011 reservatis
859 1999 870 2009 .
912 1962 994 2010 De
1022 1976 1216 2019 cetero,
1253 1980 1314 2010 ne
1342 1981 1530 2029 quem-³

218 2031 535 2097 Superiorum
573 2030 769 2082 excuset
805 2031 940 2080 illius
979 2035 1255 2099 ignorantia
1287 2031 1492 2081 Decreti
1511 2069 1529 2091 ,

217 2099 343 2149 illud
361 2102 445 2152 hic
467 2103 524 2151 ad
543 2105 754 2152 verbum
780 2100 1170 2169 subjungendum
1187 2103 1493 2151 decernimus
1511 2124 1528 2163 3

214 2171 652 2241 evulgandumque
683 2177 828 2222 etiarn
863 2172 921 2222 ab
956 2172 1203 2243 Episcopis
1235 2178 1288 2222 in
1322 2192 1528 2223 eorum„

215 2243 508 2293 Dioecesana
527 2243 729 2309 Synodo
746 2279 763 2301 ‚
793 2242 893 2313 post
923 2241 1016 2292 hoc
1037 2243 1326 2295 Concilium
1365 2248 1530 2314 primo

146 2369 150 2373 ⁴
219 2328 439 2384 tempore
457 2314 741 2364 celebranda
760 2350 770 2361 .
1013 2309 1015 2311 ¹

1410 2384 1528 2453 1212-
