2043 2958
368 292 1233 367 TITULUSII.
1437 220 1462 265 3

435 425 535 489 De
552 423 1138 490 Constitutionibus
1160 466 1172 478 .

635 565 683 616 C
722 566 774 614 A
810 565 864 614 P.
938 563 978 612 I.

140 668 487 736 Metropolitani
517 676 564 720 in
595 672 858 721 Provinciis
877 707 893 727 ,
913 669 1112 736 Epzstopi
1129 672 1176 718 in
1191 664 1458 734 Dioecestbus

275 742 458 809 adsitas
492 742 772 790 celebrandas
793 741 991 805 Synodos
1026 746 1317 796 excitantur3

422 814 616 879 exemplo
635 827 855 878 praeeunte
873 811 1042 876 fitmmo
1064 811 1178 860 Pon-

615 882 736 948 tifice
753 881 949 932 Romano
969 917 980 927 .

257 995 345 1044 Ατ
363 1015 375 1042 1
395 1017 434 1054 s,
451 999 580 1046 inter
597 1010 909 1063 ceteras,quae
927 996 1074 1058 hujus
1091 994 1239 1043 fuerit
1259 1009 1461 1060 congre-

138 1001 242 1164 S
293 1067 438 1131 gandi
470 1066 604 1112 causa
632 1066 856 1114 Concilii
872 1098 887 1121 ‚
925 1065 1080 1113 nostra
1114 1064 1170 1111 fit
1195 1065 1297 1130 ipsa
1324 1062 1460 1111 Indi-

283 1134 441 1182 stione
458 1132 764 1180 manifestum
783 1167 794 1177 .
817 1134 853 1178 E
873 1134 1030 1179 nostra
1049 1136 1234 1178 etenim
1254 1131 1461 1180 Ecclefia

137 1203 478 1252 Beneventana
503 1237 519 1260 ‚
554 1201 640 1252 ubi
673 1201 784 1250 οέὶο
816 1220 842 1249 a
861 1200 1018 1250 Nobis
1051 1197 1193 1267 supra
1213 1204 1460 1266 triginta,

138 1271 444 1323 Dioecesanae
458 1310 474 1331 ,
512 1293 568 1322 ac
605 1272 710 1321 duae
743 1275 893 1321 etiam
920 1270 1091 1321 coaRae
1119 1269 1252 1320 suere
1269 1270 1460 1336 Synodi

135 1343 468 1394 Provinciales
488 1381 503 1402 ,
523 1343 582 1392 ad
601 1341 907 1392 sacrosanstae
928 1340 1148 1393 Ecclefiae
1170 1340 1458 1392 universalis

139 1419 381 1483 regimen,
398 1415 589 1465 viribus
610 1414 747 1472 licet,
767 1434 819 1464 ac
839 1418 1030 1463 meritis
1051 1414 1346 1481 imparibus,
1363 1411 1462 1461 ele-

137 1485 204 1534 &i
218 1522 233 1543 ,
255 1486 306 1534 id
322 1487 422 1536 Nos
442 1506 556 1536 cum
576 1488 750 1553 primis
773 1486 874 1533 dies
895 1482 1157 1551 nostesque
1174 1483 1464 1541 solicitavit,'

135 1572 191 1605 ut
227 1561 515 1625 quantocius
536 1555 891 1623 Episcoporum
908 1590 924 1612 ,
959 1559 1045 1621 qui
1065 1554 1219 1603 nostra
1239 1558 1291 1603 in
1310 1572 1459 1622 pecu-

135 1627 248 1676 liari
268 1628 528 1677 Provincia
544 1625 650 1676 sunt
667 1625 934 1683 constituti,
947 1623 1460 1694 Archiepiscoporum

139 1698 334 1766 insuper
354 1698 674 1768 Suffraganeis
692 1701 964 1747 carentium
980 1733 996 1754 ,
1018 1695 1325 1764 aliorumque
1343 1695 1460 1763 Epi-

138 1766 424 1836 scoporum,
460 1773 510 1821 &
529 1770 790 1820 Abbatum
809 1806 824 1828 ,
855 1768 1013 1818 Nobis
1051 1768 1335 1817 immediate
1354 1802 1371 1823 ‚
1408 1767 1460 1816 δί

140 1838 256 1888 Sedi
286 1841 451 1889 nostrae
486 1841 782 1908 Apostolicae
821 1838 1146 1901 subje&orum
1164 1875 1180 1896 ‚
1219 1842 1305 1905 qui
1342 1835 1458 1883 alius

142 1908 232 1958 fibi
251 1909 698 1979 Metropolitanum
719 1947 736 1968 ,
763 1909 1063 1960 Provinciali
1098 1914 1234 1972 cujus
1255 1905 1458 1973 Synodo

1585 1957 1607 1983 2

141 1980 419 2030 interessent
438 1990 453 2007 ³
470 2017 487 2039 ,
514 2000 611 2030 non
632 1981 876 2048 elegerant
893 2015 909 2038 ‚
940 1979 1119 2029 almam
1134 1983 1188 2026 in
1207 1978 1333 2026 hanc
1357 1977 1459 2027 Ur·
1483 1996 1716 2030 εοηιπνῐᾱεηι.

136 2050 254 2100 bem
289 2052 498 2101 nostram
517 2052 809 2102 Concilium
839 2068 1120 2118 cogeremus
1143 2071 1158 2109 3
1187 2048 1305 2100 hinc
1336 2047 1459 2096 forte

139 2137 240 2171 non
258 2121 560 2190 desperantes
578 2160 594 2181 ,
631 2137 681 2172 ut
698 2122 1014 2189 Synodorum
1031 2160 1047 2181 ‚
1083 2120 1458 2173 Conciliorum-

141 2211 236 2260 que
255 2192 530 2256 hujusmodi
550 2193 956 2244 celebrandorum
976 2194 1131 2253 usum,
1149 2191 1298 2242 ficubi
1317 2190 1457 2240 obso-

140 2262 316 2321 letum,
335 2265 452 2313 dum
468 2265 589 2322 Nos,
610 2265 843 2333 generalis
854 2272 999 2328 juxta
1012 2265 1297 2317 Tridentini
1315 2262 1454 2312 Con-

1474 2040 1715 2088 [eff-24aeap22·

1479 2090 1514 2124 de
1525 2088 1683 2131 reformat.

1570 2302 1592 2338 b

140 2333 246 2384 cilii
259 2334 275 2359 b
290 2351 893 2398 mentem,ren0varemus,
913 2340 1061 2387 ceteri
1079 2354 1293 2406 quoque,
1308 2333 1453 2399 Apo-
1477 2351 1613 2387 Loacis.

1274 2404 1449 2454 stolicae
