<?xml version="1.0" encoding="UTF-8"?>
<!DOCTYPE html PUBLIC "-//W3C//DTD XHTML 1.0 Transitional//EN"
    "http://www.w3.org/TR/xhtml1/DTD/xhtml1-transitional.dtd">
<html xmlns="http://www.w3.org/1999/xhtml" xml:lang="en" lang="en">
 <head>
  <title>
</title>
<meta http-equiv="Content-Type" content="text/html;charset=utf-8" />
  <meta name='ocr-system' content='tesseract 3.04.00' />
  <meta name='ocr-capabilities' content='ocr_page ocr_carea ocr_par ocr_line ocrx_word'/>
</head>
<body>
  <div class='ocr_page' id='page_1' title='image "./conciliumromanum00cath_0055.png"; bbox 0 0 2043 2958; ppageno 0'>
   <div class='ocr_carea' id='block_1_1' title="bbox 538 230 1471 286">
    <p class='ocr_par' dir='ltr' id='par_1_1' title="bbox 538 230 1471 286">
     <span class='ocr_line' id='line_1_1' title="bbox 538 230 1471 286; baseline -0.012 -3"><span class='ocrx_word' id='word_1_1' title='bbox 538 234 850 285; x_wconf 77' lang='lat' dir='ltr'><strong>T1TUL1Js</strong></span> <span class='ocrx_word' id='word_1_2' title='bbox 905 230 1078 281; x_wconf 85' lang='lat' dir='ltr'><strong>VIII.</strong></span> <span class='ocrx_word' id='word_1_3' title='bbox 1408 247 1471 286; x_wconf 72' lang='lat'><strong>29</strong></span> 
     </span>
    </p>
   </div>
   <div class='ocr_carea' id='block_1_2' title="bbox 134 300 1478 797">
    <p class='ocr_par' dir='ltr' id='par_1_2' title="bbox 134 300 1478 797">
     <span class='ocr_line' id='line_1_2' title="bbox 158 300 1472 373; baseline -0.004 -22"><span class='ocrx_word' id='word_1_4' title='bbox 158 307 208 352; x_wconf 87' lang='lat' dir='ltr'><strong>in</strong></span> <span class='ocrx_word' id='word_1_5' title='bbox 229 300 374 353; x_wconf 80' lang='lat' dir='ltr'><strong>causae</strong></span> <span class='ocrx_word' id='word_1_6' title='bbox 394 304 653 367; x_wconf 86' lang='lat' dir='ltr'><strong>cujuslibet</strong></span> <span class='ocrx_word' id='word_1_7' title='bbox 672 309 952 373; x_wconf 78' lang='lat' dir='ltr'><strong>cognitione</strong></span> <span class='ocrx_word' id='word_1_8' title='bbox 972 306 1168 359; x_wconf 86' lang='lat' dir='ltr'><strong>maturi,</strong></span> <span class='ocrx_word' id='word_1_9' title='bbox 1191 301 1238 350; x_wconf 73' lang='grc' dir='ltr'><strong>δε</strong></span> <span class='ocrx_word' id='word_1_10' title='bbox 1256 304 1306 348; x_wconf 91' lang='lat' dir='ltr'><strong>in</strong></span> <span class='ocrx_word' id='word_1_11' title='bbox 1323 318 1472 366; x_wconf 80' lang='lat' dir='ltr'><strong>expe-</strong></span> 
     </span>
     <span class='ocr_line' id='line_1_3' title="bbox 159 370 1474 446; baseline -0.006 -22"><span class='ocrx_word' id='word_1_12' title='bbox 159 375 346 425; x_wconf 79' lang='lat' dir='ltr'>ditione</span> <span class='ocrx_word' id='word_1_13' title='bbox 368 375 561 425; x_wconf 79' lang='lat' dir='ltr'><strong>celeres:</strong></span> <span class='ocrx_word' id='word_1_14' title='bbox 582 378 766 446; x_wconf 87' lang='lat' dir='ltr'><strong>fintque</strong></span> <span class='ocrx_word' id='word_1_15' title='bbox 788 378 845 425; x_wconf 93' lang='lat' dir='ltr'><strong>ab</strong></span> <span class='ocrx_word' id='word_1_16' title='bbox 865 378 1000 423; x_wconf 87' lang='lat' dir='ltr'><strong>omni</strong></span> <span class='ocrx_word' id='word_1_17' title='bbox 1020 373 1288 441; x_wconf 85' lang='lat' dir='ltr'><strong>cupiditate</strong></span> <span class='ocrx_word' id='word_1_18' title='bbox 1309 370 1474 426; x_wconf 83' lang='lat' dir='ltr'><strong>liberi,</strong></span> 
     </span>
     <span class='ocr_line' id='line_1_4' title="bbox 134 442 1472 514; baseline -0.007 -17"><span class='ocrx_word' id='word_1_19' title='bbox 134 447 210 497; x_wconf 54' lang='lat'><strong>⁴&amp;</strong></span> <span class='ocrx_word' id='word_1_20' title='bbox 243 467 266 495; x_wconf 87' lang='lat' dir='ltr'><strong>a</strong></span> <span class='ocrx_word' id='word_1_21' title='bbox 286 447 598 514; x_wconf 87' lang='lat' dir='ltr'><strong>personarum</strong></span> <span class='ocrx_word' id='word_1_22' title='bbox 634 451 914 514; x_wconf 81' lang='lat' dir='ltr'><strong>acceptione</strong></span> <span class='ocrx_word' id='word_1_23' title='bbox 944 444 1121 492; x_wconf 83' lang='lat' dir='ltr'><strong>alieni.</strong></span> <span class='ocrx_word' id='word_1_24' title='bbox 1163 442 1472 508; x_wconf 82' lang='lat' dir='ltr'><strong>Praescriptas</strong></span> 
     </span>
     <span class='ocr_line' id='line_1_5' title="bbox 161 513 1476 584; baseline -0.006 -19"><span class='ocrx_word' id='word_1_25' title='bbox 161 519 444 567; x_wconf 87' lang='lat' dir='ltr'><strong>mercedum</strong></span> <span class='ocrx_word' id='word_1_26' title='bbox 463 519 534 569; x_wconf 90' lang='lat' dir='ltr'><strong>Ta</strong></span> <span class='ocrx_word' id='word_1_27' title='bbox 545 538 620 567; x_wconf 80' lang='lat' dir='ltr'><strong>xas</strong></span> <span class='ocrx_word' id='word_1_28' title='bbox 643 521 830 568; x_wconf 83' lang='lat' dir='ltr'><strong>servent</strong></span> <span class='ocrx_word' id='word_1_29' title='bbox 849 516 933 584; x_wconf 76' lang='lat' dir='ltr'><strong>ipsi</strong></span> <span class='ocrx_word' id='word_1_30' title='bbox 954 552 969 572; x_wconf 88' lang='lat'><strong>,</strong></span> <span class='ocrx_word' id='word_1_31' title='bbox 1011 518 1059 565; x_wconf 66' lang='grc' dir='ltr'><strong>ὃς</strong></span> <span class='ocrx_word' id='word_1_32' title='bbox 1092 534 1114 562; x_wconf 92' lang='lat' dir='ltr'><strong>a</strong></span> <span class='ocrx_word' id='word_1_33' title='bbox 1134 513 1331 581; x_wconf 62' lang='lat' dir='ltr'><strong>singulis</strong></span> <span class='ocrx_word' id='word_1_34' title='bbox 1363 515 1476 577; x_wconf 89' lang='lat' dir='ltr'><strong>qui-</strong></span> 
     </span>
     <span class='ocr_line' id='line_1_6' title="bbox 163 584 1478 653; baseline -0.006 -17"><span class='ocrx_word' id='word_1_35' title='bbox 163 588 380 638; x_wconf 81' lang='lat' dir='ltr'><strong>buslibet</strong></span> <span class='ocrx_word' id='word_1_36' title='bbox 401 589 719 640; x_wconf 85' lang='lat' dir='ltr'><strong>Cancellariae</strong></span> <span class='ocrx_word' id='word_1_37' title='bbox 737 626 753 647; x_wconf 91' lang='lat'><strong>,</strong></span> <span class='ocrx_word' id='word_1_38' title='bbox 784 590 1048 653; x_wconf 82' lang='lat' dir='ltr'><strong>Curiaeque</strong></span> <span class='ocrx_word' id='word_1_39' title='bbox 1067 584 1365 653; x_wconf 82' lang='lat' dir='ltr'><strong>Episcopalis</strong></span> <span class='ocrx_word' id='word_1_40' title='bbox 1384 585 1478 628; x_wconf 89' lang='lat' dir='ltr'><strong>mi-</strong></span> 
     </span>
     <span class='ocr_line' id='line_1_7' title="bbox 161 658 1477 726; baseline -0.005 -21"><span class='ocrx_word' id='word_1_41' title='bbox 161 658 319 706; x_wconf 86' lang='lat' dir='ltr'><strong>nistris</strong></span> <span class='ocrx_word' id='word_1_42' title='bbox 338 658 515 708; x_wconf 81' lang='lat' dir='ltr'><strong>servari</strong></span> <span class='ocrx_word' id='word_1_43' title='bbox 534 661 814 709; x_wconf 88' lang='lat' dir='ltr'><strong>omnimode</strong></span> <span class='ocrx_word' id='word_1_44' title='bbox 835 671 1099 726; x_wconf 88' lang='lat' dir='ltr'><strong>procurent</strong></span> <span class='ocrx_word' id='word_1_45' title='bbox 1120 691 1135 712; x_wconf 92' lang='lat'><strong>,</strong></span> <span class='ocrx_word' id='word_1_46' title='bbox 1170 670 1477 724; x_wconf 82' lang='lat' dir='ltr'><strong>quacumque</strong></span> 
     </span>
     <span class='ocr_line' id='line_1_8' title="bbox 161 726 1177 797; baseline -0.004 -21"><span class='ocrx_word' id='word_1_47' title='bbox 161 726 509 778; x_wconf 81' lang='lat' dir='ltr'><strong>consuetudine</strong></span> <span class='ocrx_word' id='word_1_48' title='bbox 528 735 723 797; x_wconf 86' lang='lat' dir='ltr'><strong>penitus</strong></span> <span class='ocrx_word' id='word_1_49' title='bbox 745 750 844 780; x_wconf 90' lang='lat' dir='ltr'><strong>non</strong></span> <span class='ocrx_word' id='word_1_50' title='bbox 862 727 1148 796; x_wconf 85' lang='lat' dir='ltr'><strong>suffragante</strong></span> <span class='ocrx_word' id='word_1_51' title='bbox 1167 762 1177 772; x_wconf 91' lang='lat'><strong>.</strong></span> 
     </span>
    </p>
   </div>
   <div class='ocr_carea' id='block_1_3' title="bbox 605 868 1038 920">
    <p class='ocr_par' dir='ltr' id='par_1_3' title="bbox 605 868 1038 920">
     <span class='ocr_line' id='line_1_9' title="bbox 605 868 1038 920; baseline -0.012 0"><span class='ocrx_word' id='word_1_52' title='bbox 605 870 652 920; x_wconf 88' lang='lat' dir='ltr'>C</span> <span class='ocrx_word' id='word_1_53' title='bbox 689 871 741 919; x_wconf 90' lang='lat' dir='ltr'><strong>A</strong></span> <span class='ocrx_word' id='word_1_54' title='bbox 779 869 831 918; x_wconf 88' lang='lat' dir='ltr'><strong>P.</strong></span> <span class='ocrx_word' id='word_1_55' title='bbox 906 868 1038 918; x_wconf 88' lang='lat' dir='ltr'><strong>III.</strong></span> 
     </span>
    </p>
   </div>
   <div class='ocr_carea' id='block_1_4' title="bbox 161 969 1481 1108">
    <p class='ocr_par' dir='ltr' id='par_1_4' title="bbox 161 969 1481 1108">
     <span class='ocr_line' id='line_1_10' title="bbox 161 969 1481 1042; baseline -0.006 -18"><span class='ocrx_word' id='word_1_56' title='bbox 161 975 426 1024; x_wconf 74' lang='lat' dir='ltr'><strong>Procurator</strong></span> <span class='ocrx_word' id='word_1_57' title='bbox 446 1011 462 1032; x_wconf 90' lang='lat'><strong>,</strong></span> <span class='ocrx_word' id='word_1_58' title='bbox 491 976 582 1023; x_wconf 78' lang='lat' dir='ltr'><strong>vel</strong></span> <span class='ocrx_word' id='word_1_59' title='bbox 613 975 882 1024; x_wconf 72' lang='lat' dir='ltr'><strong>Advocatus</strong></span> <span class='ocrx_word' id='word_1_60' title='bbox 919 975 1159 1039; x_wconf 68' lang='lat' dir='ltr'><strong>Pauperum</strong></span> <span class='ocrx_word' id='word_1_61' title='bbox 1206 977 1253 1021; x_wconf 77' lang='lat' dir='ltr'><strong>in</strong></span> <span class='ocrx_word' id='word_1_62' title='bbox 1282 969 1481 1042; x_wconf 70' lang='lat' dir='ltr'><strong>qztalz&#39;bez·</strong></span> 
     </span>
     <span class='ocr_line' id='line_1_11' title="bbox 388 1043 1272 1108; baseline -0.002 -18"><span class='ocrx_word' id='word_1_63' title='bbox 388 1044 600 1092; x_wconf 78' lang='lat' dir='ltr'><strong>Civitate</strong></span> <span class='ocrx_word' id='word_1_64' title='bbox 631 1046 685 1091; x_wconf 79' lang='lat' dir='ltr'><strong>ab</strong></span> <span class='ocrx_word' id='word_1_65' title='bbox 704 1045 926 1108; x_wconf 72' lang='lat' dir='ltr'><strong>Epzfiopis</strong></span> <span class='ocrx_word' id='word_1_66' title='bbox 946 1043 1242 1090; x_wconf 49' lang='lat' dir='ltr'><strong>constituatur</strong></span> <span class='ocrx_word' id='word_1_67' title='bbox 1262 1077 1272 1088; x_wconf 91' lang='lat'><strong>.</strong></span> 
     </span>
    </p>
   </div>
   <div class='ocr_carea' id='block_1_5' title="bbox 165 1144 1492 2405">
    <p class='ocr_par' dir='ltr' id='par_1_5' title="bbox 303 1144 1483 1210">
     <span class='ocr_line' id='line_1_12' title="bbox 303 1144 1483 1210; baseline -0.002 -15"><span class='ocrx_word' id='word_1_68' title='bbox 303 1145 447 1210; x_wconf 82' lang='lat' dir='ltr'><strong>Egale</strong></span> <span class='ocrx_word' id='word_1_69' title='bbox 467 1146 527 1194; x_wconf 88' lang='lat' dir='ltr'><strong>ab</strong></span> <span class='ocrx_word' id='word_1_70' title='bbox 547 1145 797 1210; x_wconf 87' lang='lat' dir='ltr'><strong>Episcopis</strong></span> <span class='ocrx_word' id='word_1_71' title='bbox 819 1144 1090 1191; x_wconf 83' lang='lat' dir='ltr'><strong>honoratur</strong></span> <span class='ocrx_word' id='word_1_72' title='bbox 1108 1145 1447 1193; x_wconf 82' lang='lat' dir='ltr'><strong>Sacerdotium</strong></span> <span class='ocrx_word' id='word_1_73' title='bbox 1465 1179 1483 1201; x_wconf 88' lang='lat'><strong>,</strong></span> 
     </span>
    </p>

    <p class='ocr_par' dir='ltr' id='par_1_6' title="bbox 165 1213 1492 2405">
     <span class='ocr_line' id='line_1_13' title="bbox 337 1213 1481 1281; baseline 0 -19"><span class='ocrx_word' id='word_1_74' title='bbox 337 1215 455 1262; x_wconf 86' lang='lat' dir='ltr'><strong>dum</strong></span> <span class='ocrx_word' id='word_1_75' title='bbox 491 1218 542 1262; x_wconf 92' lang='lat' dir='ltr'><strong>in</strong></span> <span class='ocrx_word' id='word_1_76' title='bbox 560 1213 753 1281; x_wconf 89' lang='lat' dir='ltr'><strong>populis</strong></span> <span class='ocrx_word' id='word_1_77' title='bbox 786 1213 1061 1275; x_wconf 87' lang='lat' dir='ltr'><strong>judicium,</strong></span> <span class='ocrx_word' id='word_1_78' title='bbox 1091 1214 1393 1276; x_wconf 83' lang='lat' dir='ltr'><strong>&amp;justitiam</strong></span> <span class='ocrx_word' id='word_1_79' title='bbox 1413 1213 1481 1262; x_wconf 82' lang='lat' dir='ltr'><strong>f·-</strong></span> 
     </span>
     <span class='ocr_line' id='line_1_14' title="bbox 166 1281 1485 1352; baseline -0.005 -14"><span class='ocrx_word' id='word_1_80' title='bbox 166 1303 320 1344; x_wconf 74' lang='lat' dir='ltr'><strong>munt3</strong></span> <span class='ocrx_word' id='word_1_81' title='bbox 339 1287 387 1335; x_wconf 84' lang='lat'>&amp;</span> <span class='ocrx_word' id='word_1_82' title='bbox 404 1283 800 1352; x_wconf 87' lang='lat' dir='ltr'><strong>Pontificali,quo</strong></span> <span class='ocrx_word' id='word_1_83' title='bbox 819 1282 1025 1351; x_wconf 82' lang='lat' dir='ltr'><strong>fulgent,</strong></span> <span class='ocrx_word' id='word_1_84' title='bbox 1043 1288 1274 1351; x_wconf 85' lang='lat' dir='ltr'><strong>imperio,</strong></span> <span class='ocrx_word' id='word_1_85' title='bbox 1289 1281 1485 1350; x_wconf 79' lang='lat' dir='ltr'><strong>oppres-</strong></span> 
     </span>
     <span class='ocr_line' id='line_1_15' title="bbox 165 1353 1481 1424; baseline -0.004 -19"><span class='ocrx_word' id='word_1_86' title='bbox 165 1354 238 1405; x_wconf 89' lang='lat' dir='ltr'><strong>sos</strong></span> <span class='ocrx_word' id='word_1_87' title='bbox 277 1376 302 1403; x_wconf 88' lang='lat' dir='ltr'><strong>a</strong></span> <span class='ocrx_word' id='word_1_88' title='bbox 334 1355 772 1404; x_wconf 76' lang='lat' dir='ltr'><strong>calumniatoribus</strong></span> <span class='ocrx_word' id='word_1_89' title='bbox 807 1353 1110 1404; x_wconf 84' lang='lat' dir='ltr'><strong>sublevantes</strong></span> <span class='ocrx_word' id='word_1_90' title='bbox 1129 1390 1144 1411; x_wconf 89' lang='lat'><strong>,</strong></span> <span class='ocrx_word' id='word_1_91' title='bbox 1188 1353 1481 1424; x_wconf 79' lang='lat' dir='ltr'><strong>pauperibus</strong></span> 
     </span>
     <span class='ocr_line' id='line_1_16' title="bbox 165 1424 1483 1494; baseline -0.004 -19"><span class='ocrx_word' id='word_1_92' title='bbox 165 1430 334 1483; x_wconf 87' lang='lat' dir='ltr'><strong>etiam,</strong></span> <span class='ocrx_word' id='word_1_93' title='bbox 354 1428 539 1484; x_wconf 86' lang='lat' dir='ltr'><strong>viduis,</strong></span> <span class='ocrx_word' id='word_1_94' title='bbox 561 1429 853 1494; x_wconf 83' lang='lat' dir='ltr'><strong>peregrinis,</strong></span> <span class='ocrx_word' id='word_1_95' title='bbox 875 1425 1100 1492; x_wconf 73' lang='lat' dir='ltr'><strong>pupillis,</strong></span> <span class='ocrx_word' id='word_1_96' title='bbox 1120 1427 1168 1473; x_wconf 83' lang='lat'>&amp;</span> <span class='ocrx_word' id='word_1_97' title='bbox 1185 1424 1384 1480; x_wconf 85' lang='lat' dir='ltr'><strong>orfanis,</strong></span> <span class='ocrx_word' id='word_1_98' title='bbox 1400 1441 1483 1490; x_wconf 89' lang='lat' dir='ltr'><strong>pa-</strong></span> 
     </span>
     <span class='ocr_line' id='line_1_17' title="bbox 167 1493 1486 1563; baseline -0.003 -18"><span class='ocrx_word' id='word_1_99' title='bbox 167 1512 329 1545; x_wconf 87' lang='lat' dir='ltr'><strong>ratum</strong></span> <span class='ocrx_word' id='word_1_100' title='bbox 342 1501 408 1544; x_wconf 93' lang='lat' dir='ltr'><strong>ita</strong></span> <span class='ocrx_word' id='word_1_101' title='bbox 428 1512 595 1545; x_wconf 87' lang='lat' dir='ltr'><strong>contra</strong></span> <span class='ocrx_word' id='word_1_102' title='bbox 611 1512 880 1563; x_wconf 80' lang='lat' dir='ltr'><strong>potente5,a</strong></span> <span class='ocrx_word' id='word_1_103' title='bbox 899 1495 1078 1562; x_wconf 89' lang='lat' dir='ltr'><strong>quibus</strong></span> <span class='ocrx_word' id='word_1_104' title='bbox 1098 1493 1173 1541; x_wconf 89' lang='lat' dir='ltr'><strong>illi</strong></span> <span class='ocrx_word' id='word_1_105' title='bbox 1189 1493 1379 1543; x_wconf 74' lang='lat' dir='ltr'><strong>facilius</strong></span> <span class='ocrx_word' id='word_1_106' title='bbox 1396 1511 1486 1561; x_wconf 64' lang='lat' dir='ltr'><strong>op·-¹</strong></span> 
     </span>
     <span class='ocr_line' id='line_1_18' title="bbox 166 1565 1482 1634; baseline -0.002 -20"><span class='ocrx_word' id='word_1_107' title='bbox 166 1570 470 1634; x_wconf 83' lang='lat' dir='ltr'><strong>primuntur,</strong></span> <span class='ocrx_word' id='word_1_108' title='bbox 489 1566 732 1616; x_wconf 87' lang='lat' dir='ltr'><strong>auxilium</strong></span> <span class='ocrx_word' id='word_1_109' title='bbox 752 1565 1009 1622; x_wconf 84' lang='lat' dir='ltr'><strong>exhibent,</strong></span> <span class='ocrx_word' id='word_1_110' title='bbox 1027 1566 1076 1613; x_wconf 67' lang='grc' dir='ltr'><strong>ὃς</strong></span> <span class='ocrx_word' id='word_1_111' title='bbox 1095 1565 1447 1631; x_wconf 62' lang='lat' dir='ltr'><strong>protectionem</strong></span> <span class='ocrx_word' id='word_1_112' title='bbox 1464 1599 1482 1622; x_wconf 91' lang='lat'><strong>,</strong></span> 
     </span>
     <span class='ocr_line' id='line_1_19' title="bbox 167 1633 1482 1694; baseline -0.004 -9"><span class='ocrx_word' id='word_1_113' title='bbox 167 1651 224 1685; x_wconf 87' lang='lat' dir='ltr'><strong>ut</strong></span> <span class='ocrx_word' id='word_1_114' title='bbox 243 1671 260 1694; x_wconf 92' lang='lat'><strong>,</strong></span> <span class='ocrx_word' id='word_1_115' title='bbox 289 1654 385 1684; x_wconf 92' lang='lat' dir='ltr'><strong>non</strong></span> <span class='ocrx_word' id='word_1_116' title='bbox 419 1636 576 1685; x_wconf 91' lang='lat' dir='ltr'><strong>solum</strong></span> <span class='ocrx_word' id='word_1_117' title='bbox 603 1640 663 1683; x_wconf 90' lang='lat' dir='ltr'><strong>iis</strong></span> <span class='ocrx_word' id='word_1_118' title='bbox 685 1639 785 1684; x_wconf 76' lang='lat' dir='ltr'><strong>cito</strong></span> <span class='ocrx_word' id='word_1_119' title='bbox 813 1634 1104 1684; x_wconf 81' lang='lat' dir='ltr'><strong>subveniant</strong></span> <span class='ocrx_word' id='word_1_120' title='bbox 1129 1633 1445 1683; x_wconf 76' lang='lat' dir='ltr'><strong>exorantibus</strong></span> <span class='ocrx_word' id='word_1_121' title='bbox 1465 1670 1482 1691; x_wconf 96' lang='lat'><strong>,</strong></span> 
     </span>
     <span class='ocr_line' id='line_1_20' title="bbox 165 1705 1484 1773; baseline -0.003 -19"><span class='ocrx_word' id='word_1_122' title='bbox 165 1705 250 1754; x_wconf 80' lang='lat' dir='ltr'><strong>sed</strong></span> <span class='ocrx_word' id='word_1_123' title='bbox 282 1708 331 1756; x_wconf 72' lang='grc' dir='ltr'><strong>δε</strong></span> <span class='ocrx_word' id='word_1_124' title='bbox 352 1705 531 1755; x_wconf 89' lang='lat' dir='ltr'><strong>soliciti</strong></span> <span class='ocrx_word' id='word_1_125' title='bbox 566 1705 754 1773; x_wconf 78' lang='lat' dir='ltr'><strong>semper</strong></span> <span class='ocrx_word' id='word_1_126' title='bbox 774 1705 862 1756; x_wconf 88' lang='lat' dir='ltr'><strong>fint</strong></span> <span class='ocrx_word' id='word_1_127' title='bbox 882 1743 897 1764; x_wconf 89' lang='lat'><strong>,</strong></span> <span class='ocrx_word' id='word_1_128' title='bbox 929 1708 978 1756; x_wconf 84' lang='lat'>&amp;</span> <span class='ocrx_word' id='word_1_129' title='bbox 997 1705 1173 1773; x_wconf 81' lang='lat' dir='ltr'><strong>vigiles</strong></span> <span class='ocrx_word' id='word_1_130' title='bbox 1191 1742 1207 1763; x_wconf 93' lang='lat'><strong>,</strong></span> <span class='ocrx_word' id='word_1_131' title='bbox 1235 1724 1296 1753; x_wconf 93' lang='lat' dir='ltr'><strong>ne</strong></span> <span class='ocrx_word' id='word_1_132' title='bbox 1316 1707 1484 1771; x_wconf 87' lang='lat' dir='ltr'><strong>oppri—</strong></span> 
     </span>
     <span class='ocr_line' id='line_1_21' title="bbox 171 1774 1485 1844; baseline -0.002 -21"><span class='ocrx_word' id='word_1_133' title='bbox 171 1792 364 1823; x_wconf 85' lang='lat' dir='ltr'><strong>mantur</strong></span> <span class='ocrx_word' id='word_1_134' title='bbox 383 1813 393 1823; x_wconf 91' lang='lat'><strong>.</strong></span> <span class='ocrx_word' id='word_1_135' title='bbox 432 1777 676 1840; x_wconf 79' lang='lat' dir='ltr'><strong>roirca</strong></span> <span class='ocrx_word' id='word_1_136' title='bbox 697 1777 960 1844; x_wconf 85' lang='lat' dir='ltr'><strong>Episcopos</strong></span> <span class='ocrx_word' id='word_1_137' title='bbox 992 1781 1043 1825; x_wconf 91' lang='lat' dir='ltr'><strong>in</strong></span> <span class='ocrx_word' id='word_1_138' title='bbox 1069 1777 1292 1826; x_wconf 89' lang='lat' dir='ltr'><strong>Domino</strong></span> <span class='ocrx_word' id='word_1_139' title='bbox 1309 1774 1485 1822; x_wconf 84' lang='lat' dir='ltr'><strong>adhor—</strong></span> 
     </span>
     <span class='ocr_line' id='line_1_22' title="bbox 174 1844 1487 1914; baseline -0.002 -21"><span class='ocrx_word' id='word_1_140' title='bbox 174 1861 333 1893; x_wconf 82' lang='lat' dir='ltr'><strong>tamur</strong></span> <span class='ocrx_word' id='word_1_141' title='bbox 350 1881 365 1902; x_wconf 92' lang='lat'><strong>,</strong></span> <span class='ocrx_word' id='word_1_142' title='bbox 394 1860 446 1893; x_wconf 90' lang='lat' dir='ltr'><strong>ut</strong></span> <span class='ocrx_word' id='word_1_143' title='bbox 468 1864 619 1895; x_wconf 86' lang='lat' dir='ltr'><strong>unum</strong></span> <span class='ocrx_word' id='word_1_144' title='bbox 636 1880 652 1902; x_wconf 88' lang='lat'><strong>,</strong></span> <span class='ocrx_word' id='word_1_145' title='bbox 685 1860 765 1913; x_wconf 80' lang='lat' dir='ltr'><strong>aut</strong></span> <span class='ocrx_word' id='word_1_146' title='bbox 784 1848 946 1914; x_wconf 88' lang='lat' dir='ltr'><strong>plures</strong></span> <span class='ocrx_word' id='word_1_147' title='bbox 967 1882 982 1902; x_wconf 93' lang='lat'><strong>,</strong></span> <span class='ocrx_word' id='word_1_148' title='bbox 1015 1846 1047 1892; x_wconf 88' lang='lat' dir='ltr'><strong>fi</strong></span> <span class='ocrx_word' id='word_1_149' title='bbox 1081 1847 1132 1893; x_wconf 91' lang='lat' dir='ltr'><strong>id</strong></span> <span class='ocrx_word' id='word_1_150' title='bbox 1160 1844 1387 1912; x_wconf 85' lang='lat' dir='ltr'><strong>exposcat</strong></span> <span class='ocrx_word' id='word_1_151' title='bbox 1404 1862 1487 1891; x_wconf 90' lang='lat' dir='ltr'><strong>ne-</strong></span> 
     </span>
     <span class='ocr_line' id='line_1_23' title="bbox 174 1914 1486 1981; baseline -0.003 -18"><span class='ocrx_word' id='word_1_152' title='bbox 174 1915 385 1972; x_wconf 81' lang='lat' dir='ltr'><strong>ceffitas,</strong></span> <span class='ocrx_word' id='word_1_153' title='bbox 422 1918 471 1964; x_wconf 65' lang='grc' dir='ltr'><strong>ὅ(</strong></span> <span class='ocrx_word' id='word_1_154' title='bbox 507 1918 635 1963; x_wconf 84' lang='lat' dir='ltr'><strong>vires</strong></span> <span class='ocrx_word' id='word_1_155' title='bbox 655 1914 910 1981; x_wconf 80' lang='lat' dir='ltr'><strong>suppetant</strong></span> <span class='ocrx_word' id='word_1_156' title='bbox 928 1951 944 1972; x_wconf 95' lang='lat'><strong>,</strong></span> <span class='ocrx_word' id='word_1_157' title='bbox 978 1920 1030 1962; x_wconf 88' lang='lat' dir='ltr'><strong>in</strong></span> <span class='ocrx_word' id='word_1_158' title='bbox 1062 1933 1228 1964; x_wconf 89' lang='lat' dir='ltr'><strong>eorum</strong></span> <span class='ocrx_word' id='word_1_159' title='bbox 1252 1914 1486 1979; x_wconf 85' lang='lat' dir='ltr'><strong>deputent</strong></span> 
     </span>
     <span class='ocr_line' id='line_1_24' title="bbox 176 1983 1487 2051; baseline -0.005 -16"><span class='ocrx_word' id='word_1_160' title='bbox 176 1985 397 2035; x_wconf 76' lang='lat' dir='ltr'><strong>Civitate</strong></span> <span class='ocrx_word' id='word_1_161' title='bbox 435 1985 709 2051; x_wconf 84' lang='lat' dir='ltr'><strong>Pauperum</strong></span> <span class='ocrx_word' id='word_1_162' title='bbox 745 1986 1089 2034; x_wconf 86' lang='lat' dir='ltr'><strong>Procuratores</strong></span> <span class='ocrx_word' id='word_1_163' title='bbox 1110 2021 1126 2042; x_wconf 85' lang='lat'><strong>,</strong></span> <span class='ocrx_word' id='word_1_164' title='bbox 1159 1984 1240 2032; x_wconf 88' lang='lat' dir='ltr'><strong>vel</strong></span> <span class='ocrx_word' id='word_1_165' title='bbox 1255 1983 1487 2030; x_wconf 79' lang='lat' dir='ltr'><strong>Advoca-</strong></span> 
     </span>
     <span class='ocr_line' id='line_1_25' title="bbox 176 2051 1484 2121; baseline -0.002 -19"><span class='ocrx_word' id='word_1_166' title='bbox 176 2069 249 2103; x_wconf 86' lang='lat' dir='ltr'><strong>tos</strong></span> <span class='ocrx_word' id='word_1_167' title='bbox 265 2091 282 2111; x_wconf 95' lang='lat'><strong>,</strong></span> <span class='ocrx_word' id='word_1_168' title='bbox 315 2059 422 2121; x_wconf 83' lang='lat' dir='ltr'><strong>pios</strong></span> <span class='ocrx_word' id='word_1_169' title='bbox 441 2091 457 2112; x_wconf 91' lang='lat'>‚</span> <span class='ocrx_word' id='word_1_170' title='bbox 491 2053 667 2121; x_wconf 87' lang='lat' dir='ltr'><strong>probos</strong></span> <span class='ocrx_word' id='word_1_171' title='bbox 688 2091 703 2112; x_wconf 96' lang='lat'><strong>,</strong></span> <span class='ocrx_word' id='word_1_172' title='bbox 724 2058 773 2105; x_wconf 65' lang='grc' dir='ltr'><strong>ὃς</strong></span> <span class='ocrx_word' id='word_1_173' title='bbox 791 2055 955 2104; x_wconf 73' lang='grc' dir='ltr'>ἀοξὶοε</span> <span class='ocrx_word' id='word_1_174' title='bbox 975 2091 990 2113; x_wconf 91' lang='grc'>,</span> <span class='ocrx_word' id='word_1_175' title='bbox 1023 2058 1109 2121; x_wconf 88' lang='lat' dir='ltr'><strong>qui</strong></span> <span class='ocrx_word' id='word_1_176' title='bbox 1127 2051 1484 2102; x_wconf 87' lang='lat' dir='ltr'><strong>miserabilium</strong></span> 
     </span>
     <span class='ocr_line' id='line_1_26' title="bbox 178 2123 1484 2191; baseline -0.002 -19"><span class='ocrx_word' id='word_1_177' title='bbox 178 2123 332 2172; x_wconf 85' lang='lat' dir='ltr'><strong>causas</strong></span> <span class='ocrx_word' id='word_1_178' title='bbox 361 2123 671 2191; x_wconf 86' lang='lat' dir='ltr'><strong>personarum</strong></span> <span class='ocrx_word' id='word_1_179' title='bbox 689 2161 704 2182; x_wconf 92' lang='lat'><strong>,</strong></span> <span class='ocrx_word' id='word_1_180' title='bbox 731 2141 831 2174; x_wconf 81' lang='lat' dir='ltr'><strong>tam</strong></span> <span class='ocrx_word' id='word_1_181' title='bbox 865 2128 915 2174; x_wconf 89' lang='lat' dir='ltr'><strong>in</strong></span> <span class='ocrx_word' id='word_1_182' title='bbox 934 2123 1272 2174; x_wconf 87' lang='lat' dir='ltr'><strong>criminalibus</strong></span> <span class='ocrx_word' id='word_1_183' title='bbox 1291 2158 1306 2179; x_wconf 91' lang='lat'><strong>,</strong></span> <span class='ocrx_word' id='word_1_184' title='bbox 1336 2128 1484 2188; x_wconf 77' lang='lat' dir='ltr'><strong>quam</strong></span> 
     </span>
     <span class='ocr_line' id='line_1_27' title="bbox 175 2192 1483 2263; baseline -0.002 -21"><span class='ocrx_word' id='word_1_185' title='bbox 175 2198 226 2242; x_wconf 90' lang='lat' dir='ltr'><strong>in</strong></span> <span class='ocrx_word' id='word_1_186' title='bbox 247 2195 479 2244; x_wconf 84' lang='lat' dir='ltr'><strong>civilibus</strong></span> <span class='ocrx_word' id='word_1_187' title='bbox 508 2199 656 2262; x_wconf 81' lang='lat' dir='ltr'><strong>gratis</strong></span> <span class='ocrx_word' id='word_1_188' title='bbox 675 2195 931 2244; x_wconf 85' lang='lat' dir='ltr'><strong>defendant</strong></span> <span class='ocrx_word' id='word_1_189' title='bbox 951 2233 966 2253; x_wconf 98' lang='lat'><strong>,</strong></span> <span class='ocrx_word' id='word_1_190' title='bbox 996 2196 1055 2243; x_wconf 88' lang='lat' dir='ltr'><strong>lis</strong></span> <span class='ocrx_word' id='word_1_191' title='bbox 1076 2197 1300 2263; x_wconf 83' lang='lat' dir='ltr'><strong>quamvis</strong></span> <span class='ocrx_word' id='word_1_192' title='bbox 1330 2192 1382 2240; x_wconf 77' lang='lat' dir='ltr'><strong>sit</strong></span> <span class='ocrx_word' id='word_1_193' title='bbox 1404 2210 1483 2240; x_wconf 92' lang='lat' dir='ltr'><strong>co-</strong></span> 
     </span>
     <span class='ocr_line' id='line_1_28' title="bbox 176 2262 1490 2333; baseline -0.003 -20"><span class='ocrx_word' id='word_1_194' title='bbox 176 2265 464 2329; x_wconf 75' lang='lat' dir='ltr'><strong>ramjudice</strong></span> <span class='ocrx_word' id='word_1_195' title='bbox 483 2264 608 2313; x_wconf 82' lang='lat' dir='ltr'><strong>laico</strong></span> <span class='ocrx_word' id='word_1_196' title='bbox 625 2280 768 2313; x_wconf 89' lang='lat' dir='ltr'><strong>mota.</strong></span> <span class='ocrx_word' id='word_1_197' title='bbox 791 2266 866 2316; x_wconf 89' lang='lat' dir='ltr'><strong>Ut</strong></span> <span class='ocrx_word' id='word_1_198' title='bbox 884 2282 1043 2315; x_wconf 84' lang='lat' dir='ltr'><strong>autem</strong></span> <span class='ocrx_word' id='word_1_199' title='bbox 1061 2270 1208 2333; x_wconf 72' lang='lat' dir='ltr'><strong>quam</strong></span> <span class='ocrx_word' id='word_1_200' title='bbox 1228 2263 1420 2311; x_wconf 73' lang='lat' dir='ltr'><strong>felicius</strong></span> <span class='ocrx_word' id='word_1_201' title='bbox 1439 2262 1490 2309; x_wconf 90' lang='lat' dir='ltr'><strong>id</strong></span> 
     </span>
     <span class='ocr_line' id='line_1_29' title="bbox 181 2333 1492 2405; baseline -0.003 -22"><span class='ocrx_word' id='word_1_202' title='bbox 181 2335 356 2405; x_wconf 75' lang='lat' dir='ltr'><strong>assequi</strong></span> <span class='ocrx_word' id='word_1_203' title='bbox 376 2336 547 2405; x_wconf 81' lang='lat' dir='ltr'><strong>possint</strong></span> <span class='ocrx_word' id='word_1_204' title='bbox 565 2335 810 2404; x_wconf 81' lang='lat' dir='ltr'><strong>Episcopi,</strong></span> <span class='ocrx_word' id='word_1_205' title='bbox 831 2352 999 2389; x_wconf 86' lang='lat' dir='ltr'><strong>curent</strong></span> <span class='ocrx_word' id='word_1_206' title='bbox 1019 2341 1069 2387; x_wconf 92' lang='lat' dir='ltr'><strong>in</strong></span> <span class='ocrx_word' id='word_1_207' title='bbox 1091 2335 1259 2386; x_wconf 82' lang='lat' dir='ltr'><strong>eadem</strong></span> <span class='ocrx_word' id='word_1_208' title='bbox 1274 2333 1492 2403; x_wconf 83' lang='lat' dir='ltr'><strong>ipsorum</strong></span> 
     </span>
    </p>
   </div>
   <div class='ocr_carea' id='block_1_6' title="bbox 1339 2403 1488 2454">
    <p class='ocr_par' dir='ltr' id='par_1_7' title="bbox 1339 2403 1488 2454">
     <span class='ocr_line' id='line_1_30' title="bbox 1339 2403 1488 2454; baseline -0.027 0"><span class='ocrx_word' id='word_1_209' title='bbox 1339 2403 1488 2454; x_wconf 73' lang='lat' dir='ltr'><strong>Civi-</strong></span> 
     </span>
    </p>
   </div>
  </div>
 </body>
</html>
