2043 2958
483 235 542 279 83
838 227 1459 279 CON01L11ROMAN1

939 345 988 396 C
1024 345 1076 394 A
1113 345 1165 394 P.
1239 343 1344 393 IV.

485 469 641 520 Puellae
661 474 676 525 ,ζ
696 470 742 514 in
763 464 1010 532 Afieteriis
1030 462 1251 512 educandae
1267 498 1283 520 ‚
1297 461 1505 510 ‘vestibus
1519 496 1534 518 ,
1556 475 1795 529 ornatuque

603 537 797 588 modesto
817 551 1015 584 utantur:
1038 553 1209 604 quaeque
1221 549 1300 600 pro
1320 534 1419 600 iffls
1442 531 1682 583 constituta

743 608 849 674 fitnt
870 643 885 664 ‚
923 604 1170 669 adamuffim
1191 638 1207 660 ,
1243 608 1378 651 etiam
1402 604 1538 668 Supe-

909 680 1068 736 riores,
1084 673 1352 740 adimpleam
1372 710 1383 722 .

583 796 808 849 Tudeant
822 797 871 846 ὃ(
888 800 1036 863 quam
1056 791 1401 842 accuratissime
1412 789 1658 840 Moniales
1673 789 1805 859 ipsae,

623 881 674 915 ut
712 884 828 934 quas
842 900 858 921 ,
897 865 1213 932 Superiorum
1251 863 1507 912 accedente
1545 860 1772 909 consensu
1791 897 1805 917 ,

496 947 545 992 ὃ(
584 944 844 1005 impetrata
879 935 938 986 ab
956 933 1311 1003 Episcoporum
1327 969 1342 991 ‚
1375 935 1425 982 ὃς
1443 931 1807 998 Κεὲιὼῑῐὶωῐμ

499 1010 897 1074 Congregatione
913 1006 1130 1060 licentia,
1151 1003 1440 1056 educandas,
1461 1020 1511 1047 ac
1532 999 1806 1047 formandas

498 1078 794 1142 susceperint
813 1073 1004 1122 Puellas
1022 1070 1364 1128 convictrices,
1384 1073 1467 1137 pie
1486 1067 1591 1118 illas
1613 1106 1628 1127 ,
1656 1071 1709 1119 ὃ(
1735 1088 1813 1116 ca-

503 1148 688 1198 tholice
708 1144 958 1194 instituant
978 1162 994 1201 3
1031 1140 1415 1207 incumbantque
1434 1176 1450 1197 ,
1483 1158 1543 1188 ne
1562 1138 1816 1207 ipsarum

507 1233 704 1270 ornatus
723 1252 738 1274 ‚
773 1216 823 1264 ὃ(
841 1213 991 1263 vestes
1007 1210 1190 1260 Puellis
1212 1247 1227 1268 ,
1261 1215 1390 1260 inter
1410 1207 1598 1260 Christi
1617 1208 1815 1278 Sponsas

508 1286 817 1341 versantibus
837 1319 851 1342 ,
879 1281 1248 1331 disconveniant
1266 1317 1276 1328 .
1319 1281 1427 1330 Sint
1441 1284 1608 1350 itaque
1631 1299 1729 1329 non
1749 1279 1818 1327 se-

513 1366 626 1410 ricce
649 1395 664 1416 ,
691 1375 779 1406 nec
799 1354 919 1402 alius
939 1389 955 1410 ,
973 1358 1121 1420 quem
1141 1357 1304 1422 nigri,
1322 1367 1404 1401 aut
1421 1351 1540 1400 fusci
1557 1388 1572 1410 ‚
1586 1352 1666 1401 vel
1686 1350 1785 1400 albi
1806 1389 1820 1408 ,

513 1445 596 1481 aut
625 1427 834 1477 violacei
877 1423 1052 1471 coloris
1086 1444 1096 1470 :
1136 1423 1372 1489 nulloque
1409 1422 1506 1472 illae
1545 1421 1786 1491 exquisito
1806 1459 1822 1480 ‚

518 1500 649 1570 quod
675 1497 819 1547 sacris
839 1512 937 1543 non
957 1498 1215 1543 conveniat
1233 1492 1499 1542 Asceteriis
1518 1530 1534 1551 ,
1553 1497 1826 1542 ornamenti

514 1589 687 1640 genere
711 1606 726 1626 ‚
755 1581 952 1616 utantur
968 1602 978 1611 .
1018 1564 1076 1612 In
1096 1565 1300 1631 reliquis
1321 1565 1371 1613 &
1387 1564 1568 1613 Puellce
1588 1564 1699 1632 ipsae
1718 1601 1734 1622 ,
1766 1563 1826 1612 ab

517 1641 770 1692 Asceterio
808 1635 921 1683 ali‘as
957 1635 1295 1690 dimittendae,
1326 1633 1618 1690 observent,
1652 1633 1827 1683 &Ab-

516 1709 695 1764 batiffae
714 1746 730 1768 ,
764 1707 844 1756 vel
871 1705 1103 1755 Priorissae
1121 1742 1137 1763 ,
1172 1701 1511 1771 Superioresve
1546 1703 1679 1760 aliae,
1707 1721 1827 1770 quo-

519 1799 729 1849 cumque
756 1781 953 1826 nomine
973 1790 1213 1826 vocentur
1231 1811 1247 1832 ,
1283 1793 1389 1841 quae
1418 1774 1586 1840 eadem
1605 1774 1827 1840 Congre-

519 1857 652 1922 g'atio
687 1856 739 1899 in
776 1845 988 1898 concessa
1020 1847 1218 1895 licentia
1238 1842 1581 1912 praescripserit
1597 1880 1613 1901 ,
1652 1844 1829 1892 faciant

526 1921 807 1990 adimpleri.
848 1919 1056 1969 Interim
1086 1934 1254 1966 ornnes
1290 1916 1605 1964 admonemus
1632 1913 1826 1982 Episco-

526 2013 613 2062 pos
633 2030 648 2051 ,
680 2004 916 2059 quatenus
941 1988 991 2035 ὃ(
1008 1987 1252 2055 ἱρῇᾆύρει·
1270 1987 1553 2034 eorumdem
1571 1985 1829 2036 observan-

529 2068 596 2114 tia
624 2061 833 2130 vigilent
849 2095 866 2116 2
903 2058 952 2107 ὃ(
972 2091 988 2115 ,
1014 2056 1201 2108 ubiubi
1217 2075 1337 2125 opus
1358 2063 1450 2106 erit
1470 2093 1486 2116 ‚
1515 2076 1605 2125 pro
1633 2055 1825 2105 viribus

528 2133 816 2203 provideant
835 2165 846 2177 .

1732 2414 1840 2466 TI-
