2043 2958
443 229 538 274 228
902 226 1263 275 Appennix

437 322 465 342 ,‚
494 297 532 334 sa
545 294 738 346 provideri
753 304 818 343 pet
835 294 1088 343 Coadjutores
1100 297 1361 336 Parochorum
1371 323 1383 342 ‚
1398 305 1463 336 aut
1480 314 1545 351 per
1561 301 1737 341 Vicarios

435 372 465 393 ‚,
493 347 764 397 temporarios,-
777 358 871 385 curae
886 352 958 387 erit
976 348 1183 399 Episcopis,
1199 361 1265 399 pro
1280 349 1368 387 data
1388 350 1455 387 fibi
1472 353 1492 390 ἐι
1506 351 1741 392 Tridentina

438 425 472 445 ,,,
495 399 656 447 Synodo
680 399 865 445 potestate
895 410 1042 449 partem
1057 400 1275 446 fruetuum,
1302 401 1486 450 praedietis
1500 403 1743 449 Coadjutori-

437 477 465 496 ‚,
494 451 577 495 bus,
592 459 656 488 aut
670 450 832 489 Vicariis
848 452 1391 502 affignandam‚determinare
1405 453 1443 490 in
1456 467 1501 493 ea
1513 455 1744 504 quantitate,

441 528 469 548 „
497 513 576 550 quae
592 514 659 551 pro
673 502 736 540 suo
753 504 926 551 prudenti
941 504 1113 547 arbitrio,
1131 504 1169 542 ὃς
1183 505 1416 544 conscientia
1433 506 1668 546 conveniens
1686 506 1745 544 vi-

437 578 467 598 „
494 553 647 592 debitur
663 582 675 600 ,
689 556 838 594 ratione
850 556 1028 594 videlicet
1046 557 1177 595 habita
1193 556 1411 597 reddituum
1424 584 1435 603 ,
1453 557 1490 596 &
1505 557 1747 596 emolumen-

439 630 469 649 „
498 612 625 642 toi-um
638 607 808 645 Ecclesiae
823 606 1061 647 Parochialis
1079 635 1090 652 ‚
1104 607 1139 645 in
1154 620 1227 656 qua
1243 608 1414 657 deputati
1426 609 1585 654 fuerint,
1599 619 1746 646 necnon

439 680 468 700 „
497 656 671 704 inspectis
687 658 974 700 conditionibus
989 658 1063 697 loci
1078 686 1089 703 ,
1118 671 1279 698 numero
1294 662 1509 699 animarum
1526 688 1537 705 ,
1564 659 1747 714 qualitate

437 732 467 752 ,‚
495 707 640 747 laboris
656 737 667 754 ‚
697 711 735 750 δε
751 713 965 760 quantitate
988 711 1245 758 impensarum
1260 738 1273 755 ‚
1300 723 1392 759 quas
1415 710 1603 751 commiffi
1632 709 1748 748 officii

437 784 466 804 ‚‚
494 759 692 801 neceffitas
722 764 971 813 postulaverit
988 791 997 800 .
1026 761 1144 810 de
1166 763 1193 801 fi
1209 762 1369 802 Parochi
1383 764 1430 802 ab
1447 763 1641 813 Episcopis
1659 773 1749 799 ino-

439 835 468 856 „
498 811 596 857 niti,
620 824 794 866 congruo
822 815 952 855 iisdem
967 814 1136 853 termino
1151 813 1330 862 praesim,
1359 815 1614 859 Coadjutooes
1630 841 1641 858 ,
1672 813 1748 850 sive

438 886 468 906 ‚,
495 861 674 902 Vicarios
689 870 942 916 temporarios
954 893 965 909 ,
989 866 1139 914 quoties
1153 876 1246 913 opus
1262 865 1377 903 fuerit
1390 894 1402 911 ,
1418 865 1601 905 assumere
1617 864 1750 912 negle-

437 938 467 958 ‚‚
495 913 637 959 xerint‚
651 925 830 963 poterunt
842 918 905 967 ipfi
924 913 1096 965 Episcopi
1113 927 1177 953 eos
1188 941 1200 959 ,
1216 927 1308 963 quos
1323 917 1409 956 huic
1424 916 1575 956 muneri
1590 914 1750 970 idoneos

439 988 468 1007 ‚‚
496 965 709 1007 censuerint
723 996 734 1013 ‚
765 971 996 1008 auctoritate
1021 966 1171 1015 propria
1186 966 1369 1015 deputare
1389 981 1477 1006 cum
1493 967 1748 1021 affignatione

439 1038 470 1058 ‚,
497 1015 697 1055 antedictae
722 1021 909 1067 portionis
932 1019 1128 1054 fruetuum
1144 1041 1154 1050 .
1186 1017 1232 1052 Et
1247 1017 1525 1062 nihilomian
1553 1017 1615 1054 ubi
1631 1024 1751 1070 etiam

440 1090 469 1109 2,
497 1064 663 1113 praedidii
680 1068 952 1114 CoadjutoreS,
967 1074 1032 1104 aut
1050 1064 1196 1103 Vicarii
1212 1069 1433 1114 temporarii
1450 1070 1469 1107 a
1486 1067 1666 1106 Parochis
1682 1077 1754 1120 no-

440 1140 468 1159 ‚,
496 1116 649 1162 minati,
662 1119 724 1157 vel
743 1119 919 1169 assumpti
935 1117 1102 1162 fuerint,
1127 1115 1176 1153 de
1190 1128 1324 1155 eorum
1336 1118 1550 1160 idoneitate
1562 1117 1753 1165 Episcopis

442 1192 470 1211 „
498 1168 669 1208 constare
694 1183 758 1219 per
771 1183 938 1211 examen
955 1168 1094 1207 debeat
1108 1195 1119 1213 ‚
1144 1176 1352 1217 antequam
1368 1172 1414 1209 ad
1429 1169 1656 1224 exercitium
1685 1167 1755 1204 ad-

441 1243 470 1263 „
499 1218 739 1263 mittantui·‚·
767 1234 839 1262 nec
862 1222 950 1260 satis
966 1221 1036 1263 fit,
1060 1217 1163 1267 quod
1188 1219 1236 1257 ad
1250 1219 1517 1261 confessiones
1542 1218 1755 1258 audiendas

441 1294 471 1314 κ
498 1278 611 1307 antea
626 1269 768 1312 fuerint
782 1271 1008 1323 approbati,
1024 1270 1092 1307 nisi
1107 1270 1192 1308 aliis
1208 1271 1325 1309 etiam
1341 1272 1590 1321 qualitatibus
1603 1268 1675 1326 ,ad
1689 1281 1756 1307 cu-

436 1345 471 1365 „
499 1331 582 1358 ram
608 1324 827 1363 animarum
854 1323 956 1363 reete
969 1321 1222 1360 exercendam
1240 1324 1466 1371 opportunis
1478 1352 1490 1370 ‚
1518 1321 1662 1372 praediti
1687 1333 1756 1357 no·

441 1397 471 1416 „
500 1372 651 1411 scantur
663 1402 672 1411 .
690 1375 844 1423 Qiibus
866 1376 892 1413 fi
909 1380 1079 1415 careant,
1093 1384 1163 1410 nec
1178 1371 1340 1412 Parochi
1359 1375 1499 1414 deinde
1515 1376 1618 1412 intra
1632 1372 1753 1428 alium

441 1447 470 1467 „
498 1421 661 1462 similem
676 1425 955 1470 terminum,ab
968 1422 1157 1472 Episcopis
1172 1423 1558 1473 praefigendum‚a1i0s
1571 1424 1658 1462 vere
1672 1422 1758 1460 ido-

443 1499 471 1517 „
501 1484 592 1510 neos
620 1474 908 1515 nominaverint
924 1488 934 1512 :
963 1483 1056 1512 tunc
1070 1473 1210 1522 pariter
1226 1475 1274 1512 ad
1288 1476 1385 1525 ipsos
1403 1478 1607 1527 Episcopos
1633 1474 1753 1512 libere

441 1550 470 1570 2,
499 1524 643 1573 spec‘tet
657 1528 857 1577 deputatio
872 1539 959 1566 cum
975 1525 1077 1563 dieta
1093 1536 1267 1574 congruae
1281 1526 1556 1577 affignatione;
1590 1536 1661 1563 nec
1677 1526 1753 1581 ulla

443 1601 472 1620 ‚‚
503 1576 766 1617 Parochorum
786 1577 1043 1617 contradictio
1060 1603 1071 1621 ,
1098 1585 1162 1615 aut
1184 1579 1408 1627 exemptio,
1432 1588 1492 1618 aut
1519 1576 1752 1626 appellatio,

443 1651 471 1671 „
499 1635 562 1664 aut
593 1629 860 1678 cujuscumque
877 1628 1022 1676 Judicis
1047 1626 1229 1665 inhibitio
1244 1629 1512 1668 executionem
1530 1628 1752 1677 deputatio—

441 1703 470 1721 „
499 1677 573 1721 nis,
590 1679 627 1717 Sc
641 1677 903 1729 assignationis
915 1687 1023 1717 certae
1038 1679 1152 1727 partis
1165 1677 1357 1717 fructuum
1374 1681 1411 1717 in
1427 1681 1573 1719 casibus
1587 1679 1754 1727 praemis-

443 1753 470 1772 ,‚
499 1728 543 1765 fis
556 1729 776 1778 suspendere
792 1729 901 1779 poffit
916 1757 927 1774 ,
944 1729 1117 1778 itemque
1129 1741 1205 1767 non
1218 1730 1392 1769 obstante
1403 1732 1574 1781 qualibet
1592 1740 1750 1768 contra-

442 1803 470 1823 „
497 1778 554 1816 ria
566 1780 842 1820 consuetudine
856 1809 868 1827 ,
880 1780 1002 1819 etiam
1016 1779 1320 1819 immemorabili
1336 1811 1345 1821 .

496 1842 540 1866 12
596 1859 624 1877 ‚‚
652 1833 802 1871 Verum
819 1832 997 1882 quianon
1011 1830 1100 1870 satis
1115 1832 1332 1870 animarum
1348 1845 1444 1871 curae
1458 1860 1471 1878 ‚
1495 1835 1533 1873 ὃς
1556 1832 1751 1871 neceffita-

440 1905 469 1925 „
497 1881 599 1920 tibus
612 1883 840 1934 quandoque
854 1883 1071 1923 consultum
1093 1884 1146 1921 est
1160 1895 1223 1931 per
1234 1885 1306 1921 hoc
1319 1911 1332 1929 ‚
1356 1884 1460 1933 quod
1484 1885 1530 1923 ad
1544 1885 1750 1923 obeundao

439 1956 469 1976 ,‚
496 1930 741 1973 ParochiaIIa
768 1935 901 1974 munia
929 1935 996 1973 alii
1021 1935 1242 1973 Sacerdotes
1266 1934 1449 1974 Parochis
1473 1936 1751 1988 adjungantur,

439 2007 474 2026 ‚,
501 1982 563 2020 sed
589 1987 737 2031 majora
763 1986 934 2025 remedia
963 1986 1135 2024 adhiberi
1166 1994 1322 2034 oportet
1338 2014 1349 2031 ,
1370 1989 1521 2036 quoties
1538 2000 1673 2038 nempe
1701 1988 1751 2025 ob

441 2058 470 2077 ,‚
498 2034 675 2073 locorum
699 2037 919 2075 distantiam
935 2063 946 2080 ‚
974 2038 1051 2074 five
1074 2037 1220 2074 itineris
1235 2035 1506 2077 difficultatem
1524 2038 1750 2078 Parochiani

443 2109 471 2128 ,,
501 2085 581 2122 fine
602 2098 745 2136 magno
762 2087 1012 2125 incommodo
1026 2100 1094 2136 pro
1107 2088 1364 2127 Sacramentis
1381 2090 1632 2139 percipiendis
1649 2117 1660 2134 ,
1676 2088 1751 2128 Di-

444 2159 471 2180 „
501 2135 668 2185 vinisque
680 2137 830 2176 Officiis
846 2136 1046 2176 audiendis
1063 2139 1245 2177 accedere
1259 2139 1306 2177 ad
1323 2140 1529 2179 Ecclesiam
1545 2139 1751 2179 Parochia-

444 2211 473 2232 „
500 2186 580 2224 lem
596 2197 801 2237 nequeanb·
819 2198 908 2227 tunc
923 2190 1077 2238 quidem
1093 2190 1343 2229 meminerint
1359 2193 1540 2242 Episcopi,
1556 2194 1668 2230 licere
1682 2192 1748 2230 fibi

446 2263 474 2282 „
503 2249 572 2286 pro
586 2238 649 2276 suo
663 2240 822 2277 arbitrio
837 2265 847 2281 ‚
866 2239 1001 2279 invitis
1014 2241 1133 2279 etiam
1150 2242 1384 2291 Recsioribus,
1402 2246 1464 2282 vel
1479 2243 1583 2282 intra
1598 2243 1749 2281 easdem

446 2314 473 2333 „
502 2289 706 2328 Parochias
720 2290 908 2330 destinare
923 2292 1017 2330 alias
1034 2293 1228 2338 Eccleffis,
1247 2294 1284 2331 in
1299 2295 1431 2343 quibus
1445 2295 1663 2333 Sacerdotes
1679 2294 1750 2332 Pa-

448 2364 477 2385 „
505 2342 713 2381 rochorum
723 2341 978 2389 Coadjiitores
995 2345 1243 2384 Sacramenta
1257 2346 1468 2385 ministrent
1487 2372 1499 2391 ,
1512 2347 1549 2385 δι
1561 2346 1749 2393 Divinum

1669 2398 1752 2437 cul-
