2043 2958
441 211 510 264 46
767 206 1114 257 C0N01t11
1154 205 1437 256 ROMAnr

441 295 549 326 mus
580 314 596 336 ,
629 279 851 344 exigatur
879 298 894 337 ;
950 276 1064 328 alias
1116 297 1322 327 examen
1343 315 1358 337 ,
1395 278 1491 327 five
1525 278 1756 329 constitu-

441 364 550 398 tum
567 386 582 408 ‚
612 351 661 399 ὃς
680 348 801 397 Asta
823 353 983 398 omnia
1005 350 1137 398 nulla
1166 349 1253 399 fint
1272 369 1326 399 eo
1342 350 1444 418 ipso
1462 386 1477 408 ,
1508 350 1714 399 &irrita
1731 386 1748 410 ,

442 425 674 488 omnique
691 437 882 469 careant
901 436 1068 470 contra
1087 422 1217 471 Reos
1238 421 1411 471 effectu
1428 459 1438 469 .

646 630 711 692 Τ
747 633 775 691 Ι
813 633 877 691 Τ
918 634 979 695 U
1019 636 1075 694 L
1122 635 1179 696 U
1221 636 1267 696 S
1343 635 1553 699 XIV.

744 751 842 815 De
868 752 1433 838 Appellationibus
1450 802 1465 817 .

930 908 977 958 C
1014 909 1065 957 A
1105 908 1156 957 P.
1232 909 1271 958 I.

517 1007 568 1057 In
589 1011 945 1076 Appellationum
982 1013 1192 1076 ‘Jzzdiciis
1225 1014 1469 1078 Pontificiae
1505 1016 1694 1079 quaedam

619 1080 939 1129 declarationes
956 1080 1241 1147 obfhrvandae
1261 1081 1555 1131 decernuntur
1577 1119 1588 1130 .

181 1292 269 1323 modo
280 1290 422 1332 recusan-

191 1338 224 1370 di
243 1336 401 1383 Judicem
414 1362 423 1373 .

194 1247 257 1287 cap
296 1206 336 1279 ²3
379 1249 425 1280 De
611 1202 815 1250 ONciru
845 1201 935 1251 IV.
967 1200 1296 1251 Lateranensis
1324 1207 1339 1228 ²
1369 1202 1551 1253 salubri
1594 1204 1765 1254 defini-

260 1268 268 1276 ’
291 1255 314 1287 4
340 1268 348 1277 ’
449 1223 481 1362 ⁴
587 1222 591 1364 :
636 1277 768 1322 tione
788 1273 1021 1321 docemur
1041 1309 1057 1330 ,
1088 1276 1147 1321 iis
1184 1291 1285 1322 non
1306 1272 1392 1322 effe
1415 1274 1766 1342 appellationi-

636 1343 725 1393 bus
758 1343 1072 1394 deferendum
1091 1381 1108 1402 ‚
1141 1364 1351 1412 quarum
1374 1346 1583 1394 remedia
1605 1381 1622 1403 ,
1651 1364 1766 1393 cum

446 1414 504 1462 ad
526 1418 768 1479 aequitatis
785 1449 802 1471 ,
839 1434 892 1462 ac
924 1419 1056 1481 pacis
1076 1416 1291 1482 praefidia
1311 1415 1399 1464 fint
1419 1417 1634 1465 instituta
1655 1451 1671 1473 ,
1709 1415 1768 1463 ad

445 1483 698 1546 injustitias
719 1519 735 1541 ,
771 1502 823 1532 ac
843 1484 1024 1533 dissidia
1043 1485 1249 1534 fovenda
1270 1486 1490 1554 usurpari
1507 1487 1740 1535 videntur
1754 1520 1766 1532 .

445 1555 689 1619 Quocirca
709 1590 725 1611 ,
755 1568 810 1602 ut
843 1555 969 1603 re<sta
989 1560 1042 1603 in
1060 1557 1447 1622 appellationum
1462 1558 1675 1622 Judiciis
1697 1575 1769 1604 ra—

448 1628 520 1672 tio
538 1660 554 1681 ,
588 1623 877 1691 debitusque
902 1623 1331 1689 honorJudicibus
1356 1626 1600 1684 servetur,
1629 1642 1773 1692 atque

447 1693 757 1761 litigantium
778 1695 993 1762 expenfis
1023 1694 1160 1744 fimul
1179 1732 1195 1754 ,
1228 1715 1280 1744 ac
1314 1695 1567 1745 laboribus
1601 1695 1772 1744 consu-

258 1806 280 1841 b
449 1763 577 1813 latur
598 1801 614 1823 ,
653 1784 757 1832 quae
791 1784 854 1814 ex
872 1766 1153 1815 Alexandri
1171 1766 1260 1815 III.
1290 1766 1544 1816 Decretali
1579 1772 1630 1815 in
1667 1784 1770 1832 cap.

199 1857 266 1888 Hoc
279 1856 340 1889 m,
454 1835 629 1904 Cumstc
648 1838 845 1886 Romana
864 1837 880 1861 ¹³
894 1873 910 1894 ‚
935 1839 984 1886 &
1000 1838 1279 1885 Innocentii
1297 1838 1383 1889 IV,
1414 1842 1468 1887 in
1487 1857 1589 1906 cap.
1609 1839 1772 1888 Roma-

276 1937 293 1959 c
454 1925 509 1955 na
528 1915 540 1931 ⁶
559 1907 860 1966 statuuntur3
891 1927 942 1956 ac
974 1912 1119 1956 etiarn
1146 1926 1232 1975 per
1250 1909 1471 1959 Concilii
1485 1909 1768 1959 Tridentini

202 1974 383 2010 flaminia
399 1978 432 2013 6·
458 1976 650 2024 decreta
668 1978 1020 2025 demandantur
1034 2013 1050 2035 ,
1084 1980 1133 2027 &
1150 1996 1256 2044 quae
1277 1978 1628 2028 consultissime
1647 1985 1770 2029 item

461 2047 619 2095 edidit
652 2047 1019 2115 Congregatio,
1054 2052 1261 2117 negotiis
1290 2049 1678 2118 Episcoporum,
1717 2050 1767 2098 ὃς

461 2117 787 2184 Regularium
805 2118 1051 2187 praepofita
1068 2156 1084 2177 ,
1104 2135 1245 2187 atque
1268 2120 1501 2171 Clemens
1521 2121 1661 2170 VIII.
1678 2156 1693 2178 ,
1715 2138 1767 2168 ac

464 2189 699 2239 Urbanus
716 2189 935 2239 {imiliter
956 2191 1097 2240 VIII.
1114 2192 1498 2259 comprobarunt
1512 2226 1528 2248 ,
1546 2189 1770 2258 praesenti

465 2261 567 2310 Nos
589 2261 827 2327 Synodali
847 2260 1086 2313 sanclione
1117 2268 1406 2313 innovantes
1429 2299 1445 2320 ,
1469 2262 1636 2310 nostris
1657 2280 1771 2310 cum

466 2332 708 2402 aliquibus
728 2334 1135 2386 declarationibus
1153 2371 1169 2394 ,
1203 2335 1259 2383 ad
1276 2335 1417 2398 hujus
1435 2333 1651 2384 Concilii
1672 2331 1770 2380 cal-

1664 2421 1771 2452 cem
