2043 2958
581 246 1525 337 DECRETORUM

501 380 1061 434 CONCILII
1132 378 1600 430 ROMANI

615 477 849 522 INDEX
898 477 1486 526 ALPHABETICUS.

688 576 742 623 A

423 606 438 640 x
507 642 837 681 Confraternitatum
851 670 860 681 .
888 646 942 681 De
959 646 1025 682 Re·

397 652 475 726 A
504 689 561 734 lig.
579 690 722 727 Domib.

397 737 456 774 Ad
481 736 658 781 antiquum
674 763 682 772 .
713 740 765 774 De
789 737 878 774 statu
906 741 1028 776 Mona-

443 783 538 818 chor.
551 786 583 817 &
596 784 734 819 Eremit.

398 830 456 865 Ad
469 829 684 866 execrabilis.
711 834 763 866 De
785 833 861 867 For.
876 841 1024 879 compet,

396 877 454 911 Ad
467 877 535 910 haec
547 901 556 910 .
573 878 625 911 De
639 881 731 913 Sum.
743 876 862 913 Trinit.

396 923 453 957 Ad
470 922 538 956 haec
551 948 559 957 .
574 924 626 958 De
644 925 767 961 cleric.
783 935 851 960 non
866 924 1004 961 refiden.

398 968 496 1004 Alias
507 993 515 1001 .
531 970 582 1004 De
597 971 771 1006 immunit.

397 1015 551 1060 Antiqua
565 1041 574 1051 .
593 1020 645 1052 De
662 1017 862 1062 Regularib.

397 1060 550 1106 Antiqua
566 1089 574 1096 .
603 1065 655 1099 De
670 1062 852 1099 consecrat.
867 1064 955 1099 Eccl.

687 1133 734 1180 C

483 1200 620 1236 Etenim
637 1226 646 1235 .
674 1202 726 1236 De
742 1204 841 1236 AEtat.
858 1205 890 1236 84
905 1201 1025 1247 qualit.

494 1248 651 1284 Cetert‘xm
665 1273 674 1282 .
693 1250 745 1284 De
761 1248 880 1282 Cleric.
895 1260 964 1285 non
977 1261 1027 1285 te-

446 1295 550 1330 fiden.

401 1341 598 1377 Christianae
612 1367 622 1377 .
650 1344 701 1377 De
716 1342 969 1388 Jurepatronat.

401 1388 553 1423 clericali
568 1414 576 1423 .
602 1391 655 1425 De
667 1393 769 1423 AEtat.
783 1392 815 1423 &
827 1389 944 1434 qualit.

400 1435 546 1470 concilii
563 1437 622 1470 IV.
640 1438 690 1470 De
706 1436 934 1480 Appellation.

400 1479 592 1516 consueto.
611 1483 663 1516 De
680 1480 855 1515 Immunic.

400 1527 489 1562 Cum
502 1527 687 1564 Alexandri
701 1529 819 1562 111.De
827 1526 1030 1563 Testament.

404 1575 494 1609 Cum
507 1574 553 1609 ad
570 1574 660 1609 Fidei
675 1598 684 1607 .
698 1575 751 1607 De
766 1577 856 1607 Sum.
871 1575 989 1608 Trinit-

402 1622 492 1656 Cum
507 1622 715 1655 elericorum
728 1644 737 1654 .
762 1620 814 1653 De
828 1618 898 1654 Vit.
923 1624 956 1654 ὃς
970 1618 1030 1653 ho-

449 1667 532 1703 nest.
547 1667 665 1702 Cleric.

404 1713 495 1750 Cum
511 1711 686 1760 Episcopi.
708 1713 760 1748 De
786 1711 895 1748 Offic.
918 1711 1032 1758 Iudic-

445 1761 556 1805 deleg.

405 1808 494 1842 Cum
507 1807 541 1841 in
554 1807 635 1842 locis
646 1833 655 1842 .
668 1808 722 1842 De
740 1806 912 1842 Immunlt.

409 1856 498 1888 Cum
513 1852 692 1890 invisibilia
704 1879 712 1887 .
726 1855 778 1887 De
790 1853 893 1888 celeb.
910 1853 1030 1889 Miffar.

407 1901 497 1934 Cum
510 1901 606 1943 juxta
620 1924 629 1934 .
649 1901 700 1934 De
716 1910 819 1943 templ
836 1900 961 1935 Ordin.

407 1946 495 1981 Cum
508 1958 607 1982 nemo
617 1971 625 1980 .
642 1948 693 1981 De
706 1945 809 1990 suppl.
824 1947 1033 1990 neglig.Prae-

449 1994 549 2028 lator.

405 2037 496 2073 Cum
511 2049 565 2081 per
577 2037 778 2083 Apostolum
795 2062 803 2071 .
820 2038 871 2072 De
884 2042 984 2073 AEtat.
1000 2041 1033 2073 &

477 2084 568 2120 ualit.

405 2097 493 2167 Cuffn
513 2140 677 2177 praecepto
695 2157 703 2165 .
731 2131 784 2167 De
800 2129 909 2166 Offic.
922 2131 1035 2180 Judic.

457 2179 580 2214 Ordin.

407 2225 563 2271 Cumque
575 2251 584 2260 .
610 2225 662 2259 De
677 2223 860 2260 Constitue.

408 2273 565 2316 Cumque
577 2297 586 2306 .
606 2273 657 2304 De
675 2274 794 2314 major.
809 2275 839 2305 <Sc
855 2270 956 2307 obed.

407 2318 561 2366 Cumqne
580 2316 801 2364 EpistopLDe
816 2317 1033 2357 fitistnstmm.

410 2365 498 2400 Cum
516 2362 590 2402 latis
603 2389 611 2399 .
640 2366 691 2400 De
707 2363 873 2409 Magilhis
886 2388 895 2397 .

1374 577 1428 625 D

1182 646 1207 680 E
1234 654 1369 680 cetero·
1405 647 1458 679 De
1480 643 1557 679 stat.
1586 645 1705 682 Mona·

1199 692 1290 726 chor.
1309 695 1340 725 &
1358 690 1496 725 Eremit.

1081 740 1231 775 Decreto
1243 762 1253 772 .
1266 739 1317 773 De
1333 737 1521 773 constitut,

1382 808 1418 856 E

1168 881 1258 913 Am.
1286 879 1338 912 De
1352 877 1540 911 Testsmen.
1587 878 1590 882 '

1181 924 1318 960 Easdem
1332 949 1341 958 .
1357 925 1406 958 De
1421 925 1494 959 stat.
1511 925 1708 962 Monachor.

1128 975 1160 1006 &
1178 972 1313 1006 Eremit.

1081 1019 1229 1053 Ecclefiae
1243 1044 1250 1051 .
1276 1021 1326 1052 De
1343 1017 1500 1054 Consecr.
1516 1019 1603 1054 Eccl.

1081 1065 1300 1096 Ecclesiarusn
1316 1087 1325 1094 .
1343 1066 1393 1095 De
1410 1067 1499 1096 Sum.
1521 1065 1633 1098 srinit.

1080 1108 1301 1143 Ecclefiarum
1318 1108 1708 1150 Capitulis-Deconstit.

1080 1153 1311 1188 Ecclesiastica
1325 1177 1333 1185 .
1356 1155 1406 1186 De
1421 1152 1647 1191 fid.1a1strum.

1082 1199 1313 1235 EccleliastIcae
1326 1224 1335 1233 .
1363 1200 1415 1233 De
1428 1198 1549 1234 senten.
1562 1202 1706 1239 Excom-

1130 1259 1255 1282 mnmc.

1083 1295 1117 1328 E·
1133 1294 1332 1329 Monialium
1346 1317 1354 1326 .
1369 1295 1420 1327 De
1438 1294 1633 1339 Regularib.

1081 1340 1236 1375 Encaenia
1249 1365 1257 1373 .
1288 1342 1338 1374 De
1355 1338 1497 1375 consecr.
1513 1344 1603 1377 Eccl.

1081 1387 1272 1431 Episcopale
1285 1410 1294 1420 .
1311 1388 1359 1420 De
1372 1386 1431 1420 fid.
1448 1389 1602 1423 [nstrum.

1082 1433 1256 1478 Episcopi.
1274 1436 1324 1467 De
1343 1432 1446 1467 Officv
1467 1432 1543 1476 Iud.
1559 1435 1683 1471 Ordin.

1082 1479 1239 1525 Episcopi
1256 1507 1264 1514 .
1291 1481 1340 1514 De
1356 1479 1424 1513 Vit.
1442 1483 1472 1513 &
1490 1480 1568 1515 hun.
1584 1483 1707 1519 Cleric.

1083 1525 1325 1571 Episcoporum
1345 1553 1353 1561 .
1373 1527 1423 1559 De
1440 1530 1528 1560 Sum.
1540 1527 1660 1562 Trinit.

1084 1570 1323 1616 Episcoporum
1337 1571 1582 1608 conscientiam.
1597 1574 1686 1611 ibid„

1084 1615 1325 1661 Episcoporum
1337 1642 1345 1649 .
1363 1620 1412 1651 De
1423 1620 1603 1659 jurejuran.

1084 1664 1133 1697 lix
1147 1663 1247 1708 ipfius
1260 1687 1270 1697 .
1294 1665 1346 1697 De
1363 1662 1481 1698 celebr.
1494 1664 1614 1700 Miffar.

1084 1710 1133 1746 Ex
1146 1720 1215 1756 quo
1228 1734 1236 1743 .
1254 1711 1306 1744 De
1318 1709 1418 1747 Feriis

1385 1779 1421 1830 F

1169 1850 1274 1904 Ideless
1291 1877 1299 1885 .
1327 1852 1380 1886 De
1404 1853 1536 1887 senten.
1565 1854 1712 1890 Excom-

1179 1909 1304 1933 [nume.

1086 1945 1224 1980 Fruftus
1242 1945 1318 1979 νετό
1331 1967 1340 1977 .
1368 1946 1421 1980 De
1440 1949 1531 1980 Sum.
1545 1945 1665 1981 'fx-init,

1381 2014 1430 2062 H

1187 2081 1411 2119 Ereticorum.
1428 2087 1477 2121 De
1492 2087 1577 2121 Eccl.
1589 2085 1708 2121 aedifico

1205 2130 1293 2164 Hinc
1310 2158 1317 2165 .
1343 2133 1395 2166 De
1408 2131 1469 2167 fid.
1482 2133 1634 2167 Instrum.

1090 2177 1154 2212 His
1168 2176 1358 2222 praehabitis
1374 2203 1383 2213 .
1400 2180 1450 2214 De
1463 2178 1644 2214 Constitute

1392 2249 1416 2297 I

1141 2318 1252 2352 Donei
1267 2343 1274 2351 .
1291 2318 1351 2357 Ne,
1366 2317 1448 2353 Sede
1461 2328 1578 2354 vacan-

1163 2365 1311 2411 Ideoque
1324 2391 1333 2401 .
1355 2364 1442 2402 lbid.
1684 2413 1721 2446 ln
