2043 2958
668 224 975 276 Τιτυιυε
1023 223 1157 272 XII.
1503 237 1568 282 39

250 316 344 366 que
367 332 381 353 ‚
421 299 470 347 &
505 314 674 347 eorum
712 297 908 365 fingulis
941 331 956 352 ‚
995 294 1081 344 sub
1120 311 1263 362 poena
1307 295 1457 340 etiam
1499 296 1575 340 in-

238 368 446 418 ,terdiffi
489 388 658 417 contra
693 369 952 436 Capitula‚
993 368 1041 416 &
1070 366 1293 431 Coliegia
1327 362 1426 430 ipsa
1442 400 1457 420 ,
1496 361 1571 410 su-

249 438 509 505 spenssonis
545 456 711 487 contra
740 440 962 489 Ciericos
985 472 1001 494 ,
1032 436 1174 485 sacris
1189 435 1445 484 ordinibus
1476 437 1573 481 ini-

248 513 391 557 tiatos
413 545 428 566 ,
460 513 508 560 ἃ
542 511 1071 559 excommunicationis
1094 524 1260 555 contra
1279 505 1450 554 Laicos
1471 540 1487 561 ,
1521 507 1572 553 ὃς

252 579 465 646 reliquos
487 580 712 630 Clericos
734 617 749 639 ,
780 585 832 628 in
866 578 1140 628 minoribus
1168 578 1451 626 constitutos
1471 613 1486 632 ,
1514 579 1568 623 in

243 654 434 698 'virtute
453 651 622 700 sanstae
639 651 931 701 obedientiae
952 653 1266 717 praecipimus
1286 684 1302 705 ,
1337 667 1390 695 ac
1408 646 1568 694 distri-

247 719 448 769 ‹stiffime
470 722 752 771 mandamus
769 758 784 779 ,
816 737 868 771 ut
900 721 1025 769 infra
1054 739 1235 768 annum
1255 754 1271 775 ‚
1301 717 1402 785 post
1424 716 1567 777 hujus

249 790 472 839 Concilii
491 792 939 858 promulgationem
958 827 974 847 ,
997 790 1158 838 nostro
1186 788 1453 853 respective
1474 822 1490 842 ,
1519 786 1570 838 ἃ

251 859 607 928 Episcoporum
640 861 880 917 arbitrio,
924 878 987 908 ex
1019 857 1302 907 rationabili
1334 859 1569 905 tantum-2

252 928 388 978 causa
408 965 426 986 ,
463 930 712 980 moderate
731 929 1094 999 prorogandum
1114 965 1131 987 ‚
1159 927 1446 979 eorumdem
1464 926 1568 974 Nos

248 998 603 1066 Episcoporum
623 1001 971 1050 conscientiam
997 1015 1248 1049 onerantes
1267 1034 1283 1055 ,
1316 998 1565 1046 bonorum.

248 1071 493 1126 omnium,
512 1074 686 1136 quavis
708 1073 892 1117 ratione
912 1069 970 1117 ad
990 1069 1157 1118 eadem
1171 1067 1425 1135 Capitula,
1443 1066 1566 1115 Col-

246 1137 375 1204 legia
394 1173 411 1194 ,
428 1138 660 1187 Ecclefias
680 1171 697 1194 ,
718 1137 958 1185 Beneficia
979 1172 995 1193 ,
1029 1137 1301 1203 Hospitalia
1319 1173 1336 1193 ‚
1355 1136 1570 1186 Confra-

248 1211 519 1263 ternitates‚
539 1209 588 1255 &c
610 1206 1028 1273 Congregationes
1049 1210 1424 1272 pertinentium,
1445 1224 1580 1272 quo—-

246 1293 454 1342 rumque
474 1295 588 1324 cura
609 1275 741 1343 ipfis,
758 1276 852 1325 five
869 1280 921 1325 in
941 1280 1216 1334 communi,
1232 1276 1328 1325 five
1344 1279 1395 1323 in
1413 1280 1566 1343 parti-

245 1344 402 1394 culari
423 1346 672 1395 commissa
708 1350 979 1414 reperiatur
999 1383 1017 1405 ‚
1050 1346 1205 1414 legale
1223 1348 1568 1396 Inventarium

242 1416 482 1465 conficere
501 1453 518 1474 ,
547 1420 596 1468 ὃς
617 1416 888 1484 Ρεῑῖεᾶυῐη
905 1417 1062 1466 Nobis
1079 1417 1346 1483 respective
1360 1454 1376 1474 ,
1397 1435 1449 1464 ac
1467 1416 1563 1467 suis

241 1486 488 1553 Episcopis
505 1522 521 1544 ,
541 1487 667 1536 infra
684 1487 816 1535 idem
834 1503 1025 1555 tempus
1042 1522 1057 1543 ,
1082 1505 1171 1554 pro
1190 1490 1526 1554 recognitione
1544 1524 1561 1545 ,

244 1558 296 1604 ὃς
332 1556 684 1624 approbatione
715 1556 853 1605 fimul
874 1558 1110 1606 exhibere
1133 1557 1343 1606 habeant
1359 1593 1376 1615 ‚
1411 1558 1460 1605 Sc
1480 1557 1563 1605 de·-

243 1625 406 1685 beant;
424 1625 608 1674 servata
626 1631 678 1676 in
695 1627 926 1676 omnibus
944 1626 1178 1676 methodo
1192 1663 1208 1685 ,
1226 1630 1274 1678 <Sc
1288 1627 1564 1677 instructio-

246 1714 306 1744 ne
324 1732 341 1754 ‚
365 1714 512 1765 quam
528 1696 614 1748 hic
633 1696 858 1748 dabimus
879 1702 933 1748 in
951 1698 1249 1768 Appendice
1265 1734 1278 1746 .

723 1843 948 1894 CAP.
1023 1842 1103 1891 ΙΙ.

246 1942 566 1994 Authenticum
597 1947 795 2013 cujusque
828 1945 1091 1994 Inventarii
1129 1947 1349 2013 exemplar
1381 1949 1428 1995 in
1463 1948 1562 1995 Ar-

402 2017 555 2064 chivis
589 2017 844 2082 Apostolico
864 2052 881 2074 ‚
914 2018 968 2064 &⁴
1006 2015 1246 2083 Epzstopali
1264 2052 1280 2074 ,
1299 2032 1407 2084 pro-

501 2089 693 2154 priaeque
713 2087 901 2154 Ecclefiae
931 2086 1256 2137 custodiendum
1272 2123 1283 2134 .

365 2187 667 2240 Effectorum
685 2207 846 2241 autem
875 2194 971 2242 duo
997 2191 1116 2240 fient
1135 2193 1411 2242 authentica
1432 2211 1555 2260 quo-

387 2261 624 2312 rumlibet
643 2263 1037 2312 Inventariorum
1054 2265 1277 2333 exempla
1294 2301 1309 2322 ,
1340 2283 1554 2332 quorum

249 2329 459 2383 alterum
476 2336 530 2383 in
547 2333 777 2384 Archivo
794 2334 952 2385 nostro
963 2335 1251 2403 Apostolico
1260 2373 1277 2396 ,
1298 2347 1347 2398 ὃς
1365 2340 1417 2385 in
1434 2336 1551 2404 Epi-

1367 2405 1551 2476 scopali
