2043 2958
143 692 316 721 Decretum
346 694 412 726 Ρω-

142 732 215 764 nale
227 753 237 765 .

452 254 552 295 270
920 233 1300 282 Appenmx

449 308 628 359 fingulis,
643 305 794 346 etiamfi
811 317 879 356 pro
904 303 1061 344 illorum
1082 304 1285 345 sufficienti
1312 304 1567 357 derogatione
1588 308 1636 348 de
1660 307 1738 349 illis
1756 336 1769 356 ,

449 372 662 410 eorumque
687 360 784 398 totis
810 358 1011 398 tenoribus
1034 359 1235 408 specialis,
1259 359 1459 409 specifica,
1486 360 1651 410 expreflb.
1676 390 1689 408 ‚
1731 364 1770 402 &

446 413 650 454 individua
664 441 676 459 ‚
703 424 747 450 ac
762 412 809 450 de
829 412 950 452 verbo
966 411 1014 451 ad
1030 411 1195 451 verbum
1210 440 1222 459 ‚
1252 424 1329 451 non
1345 421 1477 451 autem
1506 426 1571 463 per
1585 415 1769 454 clausulas

446 467 661 518 generaleS,
676 465 778 507 idem
796 466 1069 516 imponantes,
1085 466 1250 509 mentio,
1269 465 1327 504 seu
1343 467 1481 515 quaevis
1498 467 1571 504 aha
1587 466 1770 515 expreffio

443 518 622 558 habenda
636 546 648 564 ‚
671 526 735 557 aut
750 519 877 569 aliqua
891 518 967 557 alia
990 518 1174 568 exquisita
1190 518 1316 557 forma
1331 545 1342 563 ‚
1355 518 1404 556 ad
1418 521 1490 557 hoc
1507 518 1691 558 servanda
1708 524 1769 557 to-

444 579 503 610 ret
519 600 529 617 ,
554 568 631 610 illis
653 571 746 610 alias
760 572 800 609 in
817 572 882 609 suo
897 572 1036 609 robore
1050 571 1303 621 permansuris
1322 599 1332 616 ,
1347 573 1417 609 hac
1434 571 1519 610 vice
1535 572 1743 610 dumtaxat
1755 599 1768 618 ‚

443 625 583 663 harum
612 623 704 662 serie
725 621 940 672 specialiter
954 649 966 669 ,
989 622 1027 659 δέ
1055 623 1231 673 expresse
1243 622 1477 680 derogamus
1497 652 1507 669 ,
1530 626 1770 674 ceterisque,

443 676 650 715 contrariiS
664 675 963 725 quibuscumque
975 702 985 712 .
1015 675 1124 714 Nulli
1141 687 1235 725 ergo
1248 688 1413 714 ommno
1426 675 1632 715 hominum
1656 677 1769 714 liceat

442 731 544 769 hanc
570 728 755 780 paginam
768 727 916 766 Nostrae
937 725 1272 773 confirmatioms,
1298 729 1587 778 approbationis
1606 756 1616 772 ‚
1639 728 1769 767 decla-

442 782 608 820 ratioms
622 807 634 825 ‚
650 780 828 825 decreti,
841 780 880 820 &
893 779 1159 829 derogationis
1174 780 1403 829 infringere,
1416 782 1478 819 vel
1492 783 1526 820 ei
1542 781 1629 819 ausu
1646 789 1771 818 teme·

442 834 547 872 rasio
563 833 757 872 contraire
776 847 789 873 ‚-
800 834 827 870 fi
841 834 925 881 quis
938 842 1069 871 autem
1093 834 1166 871 hoc
1181 841 1378 872 attentare
1398 831 1689 882 praesumpserit,
1706 833 1768 869 in-

442 886 717 937 dignationem
735 884 1032 932 Omnipotentis
1050 884 1151 927 Dei,
1175 895 1217 920 ac
1235 885 1442 921 Beatorum
1454 885 1557 922 Petri
1572 911 1583 928 ,
1600 880 1639 920 ’ἃ
1662 883 1768 921 Pauli

442 938 723 987 Apostolorum
740 937 834 981 ejus,
850 936 886 972 se
900 934 1054 974 noverit
1068 932 1306 972 incursurum
1321 962 1330 972 .
1349 935 1501 973 Duum
1521 935 1652 972 Romae
1666 934 1766 982 apud

444 990 645 1027 &Petrum
658 989 779 1025 Anno
791 986 1071 1024 Incarnationis
1082 984 1300 1022 Dominicae
1316 986 1523 1023 millesimo
1539 986 1762 1035 septingen-

442 1042 583 1078 tefimo
599 1039 786 1088 vigefimo
799 1046 952 1087 quarto,
965 1035 1083 1074 Nono
1093 1034 1292 1073 Kalendas
1304 1035 1452 1085 Aprilis
1468 1063 1481 1083 ,
1504 1035 1760 1077 pontificatus

440 1092 575 1130 Nostri
591 1092 716 1131 Anno
730 1088 868 1138 primo.

445 1191 509 1247 P.
529 1190 617 1248 M.
638 1189 800 1247 Card-
818 1188 1029 1246 Prodat.
1187 1186 1246 1243 F.
1263 1187 1410 1244 Card
1438 1187 1697 1246 Oliverius
1715 1230 1728 1243 .

681 1311 777 1355 Visa
794 1313 845 1356 de
859 1314 988 1356 Curia
1000 1313 1030 1354 Ι.
1045 1312 1097 1354 C.
1112 1310 1368 1368 Archiepisc.
1386 1310 1613 1358 Amasenus
1628 1345 1640 1357 .

539 1425 633 1461 Loco
647 1428 678 1463 ›ff‹
694 1399 827 1462 Plumbi
840 1446 850 1456 .
1183 1421 1223 1456 L.
1238 1421 1457 1459 Martinettus
1468 1443 1479 1455 .

1013 1523 1193 1572 Regillum
1207 1527 1240 1562 in
1253 1530 1428 1566 secretaria
1441 1529 1598 1566 BrevIum
1608 1554 1618 1565 .

1682 2425 1756 2465 LI-
