2043 2958
637 264 698 293 Αι)
718 245 1005 297 Conoimum
1026 244 1283 297 Romnum
1305 281 1315 292 .
1537 262 1633 309 251

320 315 605 358 infeudationes
619 343 631 362 ‚
643 329 689 357 ac
705 317 962 359 concessiones
976 317 1014 357 in
1030 316 1332 368 emphyteusim,
1347 315 1468 356 etiam
1483 314 1524 354 in
1539 316 1640 356 cafi-

317 372 387 410 bus
413 373 435 409 a
448 371 531 416 jure
556 369 745 420 permistis
758 397 770 416 ,
799 369 837 409 &
853 371 1029 421 quamvis
1042 378 1180 422 agatur
1194 369 1244 409 de
1259 368 1371 408 rebus
1386 395 1400 414 ,
1416 368 1456 410 &
1471 366 1585 409 bonis
1601 369 1639 407 in
1669 383 1892 416 Conceffiones
1912 384 1948 417 5„

317 423 604 472 emphyteusim
627 421 790 462 concedi
810 423 930 462 solitis
944 449 956 469 ‚
979 420 1063 460 fieri
1085 420 1260 471 expresse
1274 421 1524 472 prohibentur
1538 446 1551 466 ‚
1571 420 1642 460 nifi
1668 427 1930 466 emphyteufim„

318 482 527 514 concurrat
547 473 705 513 evidens
725 474 980 514 Ecclefiarum
996 474 1143 513 utilitas
1162 497 1174 517 ‚
1191 473 1256 512 sub
1274 472 1464 511 nullitatis
1480 480 1642 512 contra-
1669 469 1818 499 ¹⁶⁰⁰v³r¹
1839 468 1950 510 prohi-

317 528 453 565 ‹stuum
466 554 479 573 ,
490 525 646 576 aliisque
663 528 843 575 poenis‚in
859 526 998 566 eadem
1014 525 1302 565 Constitutione
1317 523 1473 572 adjectis
1486 551 1498 570 ‚
1515 524 1644 575 quoad
1670 509 1764 543 betur
1777 531 1788 543 ·

319 579 424 617 bona
441 605 452 623 ,
475 578 756 625 jurisdictiones
772 606 784 625 ‚
802 579 842 620 &
854 583 955 627 jura,
970 587 1051 618 tam
1067 578 1115 618 ad
1128 576 1351 627 praedietam
1365 576 1646 626 Metropolita-

324 642 416 669 nam
435 631 774 677 Beneventanam,
802 633 919 680 quam
944 629 1041 671 alias
1068 630 1282 674 Ecclesias,
1311 628 1551 668 Monasteria
1567 656 1579 675 ,
1605 628 1644 668 δε

319 683 473 722 Domus
489 685 758 735 cujuscumque
774 684 936 723 Ordinis
951 711 965 731 ,
979 681 1148 722 Instituti
1163 709 1175 727 ,
1191 681 1253 723 vel
1265 679 1472 721 Societatis
1488 707 1500 726 ‚
1515 682 1641 721 etiam

317 735 407 787 Jesu
423 762 435 780 ,
449 735 627 786 Collegia
642 765 655 785 ,
678 736 898 786 Hospitalia
912 763 924 782 ‚
939 737 1058 775 etiam
1076 733 1232 774 Militiae
1249 732 1446 781 §.Joannis
1464 732 1649 772 Hieroso-

319 788 507 835 lymitani
521 815 533 832 ‚
547 798 760 838 ceteraque
778 789 881 828 Loca
897 790 972 839 pia,
988 787 1319 838 qualitercumque
1334 792 1554 833 nuncupata
1569 811 1582 831 ,
1605 784 1645 822 ὃς

320 837 558 887 qualificata,
574 841 612 877 in
632 841 822 884 civitate,
841 841 879 878 3<
890 840 1059 879 Dioecefi
1071 839 1345 879 Beneventana
1361 836 1434 875 fita
1449 863 1461 882 ‚
1476 847 1647 886 quomo-

319 889 468 927 dolibet
484 890 696 938 spectantia
712 917 724 935 ,
754 899 888 927 tenore
905 890 1146 939 praesentium
1164 889 1397 927 innovamus
1413 913 1426 932 ,
1451 887 1490 927 &
1504 888 1648 927 confir-

322 952 477 980 mamus
494 968 506 986 ,
532 941 719 991 illamque
747 942 767 979 a
784 953 852 991 pro
870 950 1046 992 tempore
1059 940 1244 980 existente
1257 939 1560 989 Archiepiscopo
1579 940 1650 979 Be-

320 1002 546 1031 neventano
568 1020 579 1037 ,
594 994 751 1041 aliisque
766 993 936 1042 personis
958 990 1230 1031 hcciefiasticis
1244 1019 1255 1037 ,
1269 990 1478 1039 ceterisque
1494 991 1651 1041 quibus-

323 1044 435 1088 libet,
449 1044 498 1082 ad
511 1055 606 1093 quos
620 1046 777 1094 tpeetat,
792 1043 830 1080 8(
843 1055 912 1093 pro
924 1053 1099 1093 tempore
1118 1042 1438 1091 quandocumque
1452 1041 1647 1092 speetabm

323 1097 593 1145 cujuscumque
616 1096 814 1145 qualitatis
832 1122 843 1141 ‚
868 1095 986 1134 status
1001 1121 1013 1141 ‚
1041 1093 1214 1139 ordinis,
1239 1093 1278 1132 ἃ.
1304 1092 1542 1133 conditionis
1566 1094 1648 1132 exi-

323 1149 422 1186 stant
440 1176 451 1193 ,
480 1148 599 1186 etiam
618 1145 788 1197 specifica
804 1173 816 1192 ‚
840 1146 878 1185 ἃ
897 1145 1098 1186 individua
1112 1145 1311 1184 mentione
1332 1172 1343 1190 ‚
1358 1144 1396 1183 δέ
1412 1144 1648 1196 expressione

321 1199 464 1249 dignis,
483 1200 616 1238 exacte
631 1199 694 1237 sub
711 1198 854 1237 eisdem
871 1200 996 1249 poenis
1008 1195 1203 1237 observari
1220 1196 1471 1246 praecipimus,
1485 1199 1523 1236 &C
1536 1210 1651 1236 man-

325 1251 464 1290 damns
483 1278 492 1288 .
518 1250 688 1300 Insuper,
702 1251 909 1289 eveniente
922 1251 1008 1290 casu
1020 1247 1284 1289 devolutionis
1298 1248 1490 1287 bonorum
1504 1274 1516 1293 ‚
1535 1252 1572 1297 ju
1580 1249 1649 1287 ris-

322 1303 540 1340 dietiotmm
559 1330 570 1346 ,
594 1314 638 1340 ac
661 1306 804 1347 jurium
820 1301 1188 1344 Ecclefiasticorum‚
1206 1301 1246 1337 in
1260 1299 1437 1338 civitate
1452 1327 1463 1345 ,
1478 1297 1517 1337 8<
1538 1301 1652 1339 Dioe-

324 1354 395 1393 celi
425 1353 611 1403 praedietis
635 1353 927 1393 consistentium
942 1381 953 1398 ,
979 1354 1055 1393 five
1070 1353 1120 1390 ob
1134 1352 1279 1390 lineam
1293 1350 1446 1391 finitam
1462 1378 1474 1397 ‚
1499 1351 1577 1391 five
1601 1352 1651 1390 ob

326 1406 559 1455 exspiratum
576 1414 745 1454 tempus,
765 1405 803 1442 in
822 1404 1126 1455 praecedentibus
1143 1401 1403 1442 locationibus
1416 1431 1429 1450 ‚
1443 1403 1654 1442 conceffio-

323 1459 435 1496 nibus
450 1485 462 1502 ‚
479 1455 767 1498 &investituris
784 1456 1028 1506 praefinitum,
1045 1454 1360 1505 Metropolitanae
1378 1481 1389 1499 ‚
1406 1455 1562 1504 aliisque
1580 1455 1655 1493 Ec-

324 1510 469 1554 clefiis,
495 1507 771 1552 Monasteriis,
796 1508 990 1546 Domibus
1007 1536 1019 1555 ‚
1047 1507 1242 1558 Collegiis
1261 1534 1272 1552 ‚
1298 1505 1564 1555 Hospitalibus
1581 1535 1593 1553 ,
1616 1508 1655 1547 δε

326 1562 441 1601 Locis
467 1562 540 1611 piis
554 1587 566 1606 ,
592 1560 652 1598 seu
669 1560 974 1610 Archiepiscopo
991 1588 1002 1607 ‚
1031 1558 1243 1608 ceterisque
1270 1558 1436 1607 personis
1467 1559 1653 1609 praedictis

328 1614 458 1658 licere,
476 1614 578 1651 bona
594 1639 606 1659 ,
617 1610 900 1658 jurisdictiones
912 1638 924 1656 ,
942 1612 979 1651 ὃ(
993 1613 1076 1658 jura
1090 1611 1267 1660 praedieta
1281 1621 1370 1646 cum
1384 1609 1454 1648 suis
1469 1612 1655 1649 meliora-

328 1667 472 1704 mentis
498 1663 720 1714 supradictis
747 1662 990 1712 proillorum
1007 1662 1166 1707 Mensa,
1192 1670 1383 1711 quatenus
1406 1662 1459 1700 eis
1475 1662 1655 1714 expedire

331 1717 604 1755 consueverint
619 1742 630 1761 ,
649 1714 819 1754 retinere
835 1742 847 1762 ,
862 1727 985 1764 neque
1000 1714 1202 1759 Ecclefias,
1219 1714 1472 1760 Monasteria,
1490 1716 1655 1761 Demos,

332 1769 513 1819 Collegia
530 1796 541 1814 ,
557 1766 778 1816 Hospitalia
791 1791 801 1809 ,
819 1768 857 1805 ὃς
871 1767 974 1805 Loca
993 1767 1053 1815 pia
1066 1793 1078 1811 ‚
1097 1766 1160 1803 seu
1183 1765 1358 1813 personas
1376 1766 1592 1813 hujusmodi
1607 1767 1656 1805 ad

331 1819 461 1859 denuo
487 1818 526 1858 in
546 1818 786 1857 locationem
802 1844 813 1863 ‚
837 1817 1150 1866 emphyteufim‚
1175 1816 1350 1854 livellum
1366 1842 1378 1861 ,
1406 1818 1468 1856 vel
1497 1819 1656 1858 feudum

335 1870 585 1910 concedenda
602 1869 742 1908 eadem
756 1871 855 1906 bona
875 1897 886 1915 ‚
906 1868 1208 1915 nuntiationes,
1226 1865 1263 1904 &
1279 1869 1361 1913 jura
1379 1895 1390 1913 ,
1404 1872 1464 1908 seu
1478 1871 1525 1909 ad
1537 1884 1655 1910 reno-

333 1923 480 1962 vandas
496 1949 508 1969 ,
531 1923 569 1962 ὃς
584 1920 849 1971 prorogandas
866 1921 1023 1959 illorum
1038 1920 1253 1959 locationes
1268 1947 1280 1966 ,
1305 1921 1345 1960 &
1370 1921 1653 1968 concessiones,

333 1977 393 2013 vel
425 1975 668 2014 investituras
695 1981 807 2010 antea
823 1972 945 2012 factas
960 2000 971 2018 ,
996 1971 1244 2021 quantumvis
1259 1983 1515 2024 augmentum
1536 1975 1652 2014 annui

333 2028 491 2066 canonis
507 2053 518 2072 ,
536 2024 717 2064 laudemii
733 2051 744 2069 ,
759 2024 798 2063 <Sc
813 2023 997 2076 ingressiis
1008 2052 1020 2071 ,
1035 2034 1102 2063 aut
1119 2022 1196 2062 alia
1208 2024 1384 2073 quaelibet
1402 2027 1543 2065 melior
1559 2039 1652 2065 con-

333 2078 429 2117 ditio
445 2079 467 2117 a
484 2076 679 2128 quibusvis
697 2075 866 2126 personis
880 2103 892 2123 ,
909 2077 1027 2116 etiam
1045 2076 1195 2127 speciali
1212 2083 1305 2113 nota
1319 2075 1448 2127 dignis
1463 2105 1474 2122 ‚
1494 2078 1653 2117 offerre-

334 2140 395 2168 tur
409 2159 419 2177 ,
438 2131 630 2168 ullatenus
643 2128 767 2167 teneri
784 2155 796 2174 ,
812 2136 878 2167 aut
895 2127 1070 2180 obligata
1083 2155 1096 2176 ,
1112 2128 1171 2168 vel
1190 2127 1383 2176 obligatas
1400 2130 1492 2176 esse,
1509 2130 1652 2169 minus-

333 2194 407 2233 que
423 2183 470 2221 ad
489 2182 526 2220 id
545 2182 632 2231 cogi
653 2207 664 2225 ,
687 2189 751 2218 aut
766 2182 948 2230 compelli
965 2181 1095 2230 posse,
1123 2189 1233 2219 motu
1247 2203 1263 2221 ‚
1289 2180 1449 2220 icientia
1465 2209 1477 2227 ,
1493 2184 1653 2232 &pote—

336 2235 442 2274 statis
462 2233 702 2284 plenitudine
716 2233 1023 2283 paribu8‚harum
1041 2232 1134 2271 serie
1147 2232 1407 2280 decernimus,
1425 2234 1459 2271 δέ
1479 2234 1653 2273 declara-

345 2299 431 2326 mus
446 2315 455 2325 .
488 2286 605 2334 idque
618 2285 758 2323 servari
785 2286 965 2324 volumus
988 2311 1000 2329 ‚
1025 2285 1063 2324 &
1078 2284 1276 2324 statuimus
1292 2296 1372 2323 non
1387 2284 1509 2324 solum
1533 2285 1572 2324 in
1587 2285 1654 2324 de-

342 2337 612 2377 volutionibus
624 2365 636 2385 ,
660 2349 738 2385 quae
752 2337 789 2375 in
805 2337 976 2376 futurum
992 2337 1167 2376 accidere
1181 2345 1360 2388 poterunt
1373 2365 1385 2383 ,
1408 2337 1469 2375 sed
1481 2339 1600 2376 etiam
1613 2336 1653 2375 in

347 2391 410 2437 iis,
426 2403 505 2441 quae
519 2392 598 2437 jam
614 2398 823 2430 evenerunt
838 2400 990 2441 propter
1004 2390 1149 2430 lineam
1163 2388 1333 2437 finitam,
1347 2390 1410 2430 vel
1422 2388 1657 2440 exspiratum

1085 2442 1126 2482 Ii
1159 2455 1177 2478 2
1549 2449 1654 2478 tem-

1680 1350 1816 1391 Expleto
1827 1350 1967 1382 concesa

1681 1393 1777 1423 lionis
1792 1403 1936 1434 tempore
1949 1416 1960 1430 ‚

1682 1435 1731 1467 vel
1779 1434 1850 1466 casu
1884 1446 1959 1467 eve-

1682 1478 1789 1508 niente
1826 1477 1956 1508 devolu-

1681 1518 1961 1555 tionis,Ecclefiain

1682 1562 1723 1592 ad
1739 1561 1961 1593 renovandum

1683 1614 1749 1633 non
1764 1604 1864 1634 teneri
1879 1625 1888 1639 ,
1904 1613 1962 1633 nec

1683 1645 1754 1684 cogi
1768 1645 1851 1684 poss‘e
1861 1646 1963 1680 decla-

1684 1697 1771 1719 ratur
1784 1708 1793 1719 .
