2043 2958
439 243 530 299 178
906 238 1290 290 Amr-:anx

1052 345 1135 386 IX.

579 423 986 491 MOTUS
1052 404 1667 491 PROPRIUS'

517 545 625 602 Fel.
674 545 814 601 Rec.
875 545 1180 604 SIXTI
1243 545 1537 603 PAPAE
1601 545 1676 602 V.

764 658 857 707 sub
884 659 959 709 die
979 677 1058 722 29.
1079 659 1261 726 Aprilis
1286 678 1304 706 1
1318 662 1434 721 5874

440 780 590 830 Circa
611 784 976 830 revocationem
991 780 1143 831 officii
1160 779 1455 832 Archivistae
1475 776 1759 828 Ecclesiasti-

514 855 559 898 ci
586 851 823 918 generalis
844 855 898 900 in
918 851 1060 902 Urbe
1080 887 1096 909 ,
1128 856 1177 903 &
1205 850 1560 900 confestionem
1578 849 1756 898 Inven-

513 926 752 970 tariorum
774 957 791 978 ,
827 919 908 970 seu
936 921 1212 971 Platearum
1236 922 1481 971 bonorum
1498 923 1720 969 omnium
1736 953 1755 977 ,

513 992 571 1038 ad
609 990 812 1058 fingulas
851 991 1080 1040 Ecclefias
1108 1027 1124 1048 ‚
1169 995 1218 1042 &
1254 992 1360 1040 loca
1396 994 1477 1057 pia
1520 989 1758 1057 quaelibet

509 1058 833 1127 spestantium
860 1064 914 1107 in
929 1060 1071 1107 Italia
1089 1094 1102 1106 .

775 1184 854 1222 Cit.
880 1185 955 1222 Tit.
970 1185 1063 1223 XII.
1093 1185 1182 1234 Cap.
1203 1187 1236 1224 J.
1257 1193 1341 1234 pag.
1356 1187 1420 1229 38.

135 1295 201 1327 Ad
214 1296 329 1327 TitDe
344 1296 416 1326 Pide
619 1285 691 1326 OT
705 1299 731 1325 u
754 1287 909 1336 proprio
926 1313 939 1332 ,
961 1287 1036 1326 &c-
1071 1287 1239 1327 Provida
1259 1285 1427 1325 Romani
1453 1283 1652 1324 pontificis
1678 1284 1755 1323 cir-

139 1338 417 1377 lastrmncntorum.
636 1338 869 1386 cumspeffio
884 1346 1043 1377 revocat
1058 1338 1268 1384 interdum,
1280 1337 1392 1384 justis·
1404 1336 1649 1375 suadentibus
1664 1347 1756 1373 cau-

84 1388 210 1448 „1010
221 1402 299 1443 331
637 1391 681 1428 fis
696 1417 708 1435 ,
734 1397 849 1438 atque
868 1389 1030 1439 abrogat
1046 1401 1090 1428 ea
1106 1416 1118 1435 ‚
1132 1402 1211 1440 quae
1224 1417 1236 1435 ,
1252 1389 1343 1428 licet
1358 1389 1404 1426 ab
1418 1387 1534 1427 initio
1545 1388 1654 1426 utilia
1670 1386 1753 1424 fore

445 1442 671 1480 viderentur
687 1468 699 1487 ‚
724 1440 807 1478 usus
829 1448 987 1486 tamen,
1012 1439 1050 1477 &
1077 1440 1314 1490 experientia
1337 1438 1479 1487 docet,
1505 1439 1670 1477 nimium
1692 1438 1755 1475 in-

160 1520 306 1552 Intende
329 1520 374 1552 Po
378 1530 415 1550 n·
444 1491 643 1531 commodi
660 1518 671 1536 ‚
684 1490 852 1530 nimium
868 1490 1109 1530 difficultatis
1124 1518 1136 1537 ,
1150 1491 1357 1537 molestiae,
1372 1496 1438 1529 aut
1453 1488 1752 1539 perturbationis

140 1561 233 1592 tificis
249 1582 258 1591 ,
445 1543 580 1583 afferre
597 1572 606 1582 .
635 1543 753 1593 Qod
773 1556 892 1593 nuper
923 1544 962 1582 in
983 1543 1182 1582 crestione
1207 1543 1377 1582 Archivi
1406 1542 1599 1593 generalis
1623 1540 1757 1579 Eccle-

443 1596 594 1640 fiastici‚
610 1595 648 1633 in
663 1606 739 1643 quo
757 1593 892 1634 omnia
906 1594 1127 1633 Inventaria
1139 1605 1268 1632 rerum
1284 1621 1296 1638 ,
1308 1594 1500 1632 bonorum
1514 1620 1526 1637 ‚
1545 1605 1590 1633 ac
1600 1591 1755 1640 jurium,

446 1647 485 1685 δε
498 1646 770 1695 scripturarum
784 1672 796 1691 ‚
828 1644 1106 1694 pertinentium
1124 1644 1172 1683 ad
1184 1643 1373 1682 Ecclefias
1389 1671 1402 1689 ,
1426 1644 1465 1681 δε
1481 1643 1545 1693 pia
1558 1645 1645 1682 loca
1658 1670 1669 1688 ‚
1694 1654 1759 1691 per

446 1698 667 1736 universam
679 1695 839 1735 Italiam
855 1696 1061 1734 constituta
1074 1721 1087 1740 ,
1104 1694 1328 1740 recondere,
1349 1694 1439 1733 &in
1455 1695 1605 1734 Palatio
1616 1694 1758 1732 Nostro

446 1748 675 1798 Apostolico
692 1746 879 1786 asservare
895 1746 1183 1785 meditabamur
1199 1771 1211 1791 ,
1242 1745 1298 1783 rei
1320 1746 1434 1794 ipfius
1446 1744 1655 1784 difficultas
1668 1745 1759 1784 satis

447 1798 577 1849 aperte
602 1797 836 1838 monstravit
852 1825 862 1836 .
903 1797 1071 1846 Ideoque
1086 1824 1098 1842 ,
1127 1797 1202 1836 δίε.
1228 1796 1338 1834 ficuti
1369 1808 1486 1846 nuper
1515 1798 1732 1837 audivimus
1747 1823 1760 1842 ‚

447 1850 550 1901 quod
576 1850 616 1888 in
640 1850 772 1889 multis
787 1849 984 1894 Ecclefiis,
1007 1848 1044 1885 &
1075 1847 1197 1893 locis,
1223 1847 1440 1892 hujusmodi
1456 1848 1632 1887 Archiva
1656 1847 1763 1887 anti-

446 1903 574 1952 quitus
589 1902 763 1941 instituta
784 1899 1025 1950 reperiuntur
1042 1926 1054 1946 ‚
1078 1900 1118 1940 &
1144 1898 1184 1936 in
1199 1898 1395 1938 nonnullis
1408 1899 1527 1938 Italiae
1547 1900 1760 1939 Provinciis

448 1966 513 2004 per
529 1953 856 2002 Archiepiscopos
871 1979 883 1998 ,
901 1951 1104 2001 Episcopos
1118 1977 1130 1997 ‚
1142 1949 1312 1999 aliosque
1329 1950 1520 1997 Praelatos,
1536 1951 1763 1990 &locorum

449 2004 684 2044 Ordinarios
701 2030 714 2049 ,
728 2005 766 2041 in
781 2003 1064 2042 visitationibus
1081 2001 1286 2040 ordinariis
1298 2028 1311 2047 ,
1326 2002 1387 2040 seu
1401 2001 1660 2053 generalibus,
1672 2014 1763 2052 quas

451 2056 491 2094 in
510 2055 580 2092 suis
594 2055 830 2095 Civitatibus
845 2080 857 2100 ,
881 2053 1123 2093 Dioecefibus
1136 2080 1148 2099 ,
1175 2053 1421 2092 Distric‘tibus
1435 2080 1447 2099 ‚
1466 2053 1504 2093 δε
1519 2052 1736 2094 Provinciis
1749 2080 1762 2099 ,

453 2106 666 2151 ordinaria,
683 2105 744 2143 vel
760 2104 836 2143 alia
851 2105 1083 2144 auctoritate
1095 2104 1242 2144 faciunt
1255 2132 1266 2151 ,
1281 2105 1382 2144 inter
1397 2105 1488 2152 alia,
1501 2107 1677 2145 omniurn
1693 2105 1765 2143 bo-

452 2170 592 2197 norum
606 2156 811 2195 mobilium
828 2183 840 2201 ‚
863 2157 901 2196 &
915 2157 1106 2195 stabilium
1120 2185 1132 2203 ‚
1153 2157 1296 2203 jurium
1309 2184 1322 2203 ‚
1348 2157 1530 2197 censuum
1543 2185 1555 2203 ‚
1583 2156 1621 2194 &
1635 2156 1765 2194 reddi-

452 2219 562 2248 tuum
578 2236 590 2255 ,
619 2208 668 2247 ad
683 2208 847 2258 singulas
861 2208 1047 2248 Ecclefias
1066 2237 1078 2255 ‚
1101 2210 1141 2251 &
1158 2220 1404 2259 quaecumque
1420 2209 1607 2248 Beneficia
1624 2207 1766 2246 Eccle-

452 2261 598 2300 fiastica
615 2287 626 2306 ,
651 2272 743 2309 quas
762 2287 773 2305 ‚
789 2260 826 2299 δέ
840 2271 918 2309 quae
934 2261 1090 2299 visitant
1104 2288 1117 2307 ,
1144 2261 1398 2311 spectantium
1413 2287 1425 2306 ,
1451 2259 1697 2305 Inventaria‚
1726 2258 1764 2297 Sc

452 2313 711 2350 Instrumenta
735 2310 924 2350 conficere
952 2313 1074 2351 solent
1089 2340 1101 2358 ‚
1130 2312 1169 2351 ὃς
1191 2313 1232 2351 in
1253 2325 1388 2351 eorum
1403 2310 1534 2351 Curiis
1548 2309 1766 2350 afl‘ervant:

454 2363 642 2414 Idemque
670 2375 692 2402 a
707 2363 863 2413 reliquis
887 2364 1008 2403 etiam
1020 2363 1211 2415 Episcopis
1225 2391 1238 2410 ,
1265 2365 1304 2404 &
1327 2362 1498 2404 Praelatis
1523 2375 1588 2413 per
1606 2362 1765 2401 Italiam

1665 2424 1766 2453 con-
