<?xml version="1.0" encoding="UTF-8"?>
<!DOCTYPE html PUBLIC "-//W3C//DTD XHTML 1.0 Transitional//EN"
    "http://www.w3.org/TR/xhtml1/DTD/xhtml1-transitional.dtd">
<html xmlns="http://www.w3.org/1999/xhtml" xml:lang="en" lang="en">
 <head>
  <title>
</title>
<meta http-equiv="Content-Type" content="text/html;charset=utf-8" />
  <meta name='ocr-system' content='tesseract 3.04.00' />
  <meta name='ocr-capabilities' content='ocr_page ocr_carea ocr_par ocr_line ocrx_word'/>
</head>
<body>
  <div class='ocr_page' id='page_1' title='image "./conciliumromanum00cath_0262.png"; bbox 0 0 2043 2958; ppageno 0'>
   <div class='ocr_carea' id='block_1_1' title="bbox 455 243 1280 305">
    <p class='ocr_par' dir='ltr' id='par_1_1' title="bbox 455 243 1280 305">
     <span class='ocr_line' id='line_1_1' title="bbox 455 243 1280 305; baseline -0.001 -13"><span class='ocrx_word' id='word_1_1' title='bbox 455 260 552 305; x_wconf 82' lang='lat'>234</span> <span class='ocrx_word' id='word_1_2' title='bbox 925 243 1280 291; x_wconf 73' lang='lat' dir='ltr'>APPENnrx</span> 
     </span>
    </p>
   </div>
   <div class='ocr_carea' id='block_1_2' title="bbox 420 312 1756 2368">
    <p class='ocr_par' dir='ltr' id='par_1_2' title="bbox 439 312 1756 982">
     <span class='ocr_line' id='line_1_2' title="bbox 445 312 1747 367; baseline 0.001 -15"><span class='ocrx_word' id='word_1_3' title='bbox 445 341 473 360; x_wconf 90' lang='lat'>‚,</span> <span class='ocrx_word' id='word_1_4' title='bbox 503 319 576 361; x_wconf 91' lang='lat' dir='ltr'>(ne</span> <span class='ocrx_word' id='word_1_5' title='bbox 589 313 759 361; x_wconf 81' lang='lat' dir='ltr'>alioquin</span> <span class='ocrx_word' id='word_1_6' title='bbox 777 339 787 358; x_wconf 94' lang='lat'>,</span> <span class='ocrx_word' id='word_1_7' title='bbox 813 314 840 352; x_wconf 85' lang='lat' dir='ltr'><strong>fi</strong></span> <span class='ocrx_word' id='word_1_8' title='bbox 857 312 980 352; x_wconf 86' lang='lat' dir='ltr'>nullus</span> <span class='ocrx_word' id='word_1_9' title='bbox 994 314 1150 354; x_wconf 61' lang='lat' dir='ltr'>Adoris</span> <span class='ocrx_word' id='word_1_10' title='bbox 1177 324 1306 363; x_wconf 86' lang='lat' dir='ltr'>partes</span> <span class='ocrx_word' id='word_1_11' title='bbox 1321 322 1432 367; x_wconf 86' lang='lat' dir='ltr'>gerat</span> <span class='ocrx_word' id='word_1_12' title='bbox 1447 340 1458 360; x_wconf 93' lang='lat'><strong><em>,</em></strong></span> <span class='ocrx_word' id='word_1_13' title='bbox 1481 315 1747 365; x_wconf 78' lang='lat' dir='ltr'>delinquentes</span> 
     </span>
     <span class='ocr_line' id='line_1_3' title="bbox 444 364 1747 416; baseline 0.002 -14"><span class='ocrx_word' id='word_1_14' title='bbox 444 391 473 412; x_wconf 90' lang='lat'>‚,</span> <span class='ocrx_word' id='word_1_15' title='bbox 501 377 657 415; x_wconf 87' lang='lat' dir='ltr'>poenam</span> <span class='ocrx_word' id='word_1_16' title='bbox 683 366 755 404; x_wconf 86' lang='lat' dir='ltr'>suis</span> <span class='ocrx_word' id='word_1_17' title='bbox 770 366 997 404; x_wconf 83' lang='lat' dir='ltr'>criminibus</span> <span class='ocrx_word' id='word_1_18' title='bbox 1015 366 1186 405; x_wconf 89' lang='lat' dir='ltr'><strong>debitam</strong></span> <span class='ocrx_word' id='word_1_19' title='bbox 1204 364 1390 416; x_wconf 83' lang='lat' dir='ltr'>effugiant</span> <span class='ocrx_word' id='word_1_20' title='bbox 1408 367 1452 414; x_wconf 92' lang='lat'>)‚</span> <span class='ocrx_word' id='word_1_21' title='bbox 1478 367 1747 406; x_wconf 81' lang='lat' dir='ltr'>Procuratores</span> 
     </span>
     <span class='ocr_line' id='line_1_4' title="bbox 442 415 1751 469; baseline 0 -14"><span class='ocrx_word' id='word_1_22' title='bbox 442 443 469 463; x_wconf 91' lang='lat'>,‚</span> <span class='ocrx_word' id='word_1_23' title='bbox 500 415 661 455; x_wconf 82' lang='lat' dir='ltr'>Fiscales</span> <span class='ocrx_word' id='word_1_24' title='bbox 685 417 909 457; x_wconf 85' lang='lat' dir='ltr'>Tribunalis</span> <span class='ocrx_word' id='word_1_25' title='bbox 931 416 1176 457; x_wconf 77' lang='lat' dir='ltr'>Nuntiaturae</span> <span class='ocrx_word' id='word_1_26' title='bbox 1195 418 1422 469; x_wconf 76' lang='lat' dir='ltr'>Apostolicae</span> <span class='ocrx_word' id='word_1_27' title='bbox 1437 445 1449 463; x_wconf 92' lang='lat'><strong><em>‚</em></strong></span> <span class='ocrx_word' id='word_1_28' title='bbox 1479 419 1518 458; x_wconf 85' lang='lat'>&amp;</span> <span class='ocrx_word' id='word_1_29' title='bbox 1545 418 1751 467; x_wconf 66' lang='lat' dir='ltr'>respective</span> 
     </span>
     <span class='ocr_line' id='line_1_5' title="bbox 442 468 1755 520; baseline 0.001 -14"><span class='ocrx_word' id='word_1_30' title='bbox 442 495 470 514; x_wconf 89' lang='lat'>‚,</span> <span class='ocrx_word' id='word_1_31' title='bbox 498 470 618 506; x_wconf 87' lang='lat' dir='ltr'>etiam</span> <span class='ocrx_word' id='word_1_32' title='bbox 636 469 761 509; x_wconf 82' lang='lat' dir='ltr'>Curiae</span> <span class='ocrx_word' id='word_1_33' title='bbox 775 469 1087 519; x_wconf 83' lang='lat' dir='ltr'>Metropolitanae</span> <span class='ocrx_word' id='word_1_34' title='bbox 1102 498 1113 515; x_wconf 91' lang='lat'>‚</span> <span class='ocrx_word' id='word_1_35' title='bbox 1140 469 1339 509; x_wconf 85' lang='lat' dir='ltr'>instantias</span> <span class='ocrx_word' id='word_1_36' title='bbox 1354 498 1365 516; x_wconf 89' lang='lat'>‚</span> <span class='ocrx_word' id='word_1_37' title='bbox 1389 470 1555 520; x_wconf 84' lang='lat' dir='ltr'>aliosque</span> <span class='ocrx_word' id='word_1_38' title='bbox 1572 471 1674 509; x_wconf 69' lang='lat' dir='ltr'>aetus</span> <span class='ocrx_word' id='word_1_39' title='bbox 1687 468 1755 507; x_wconf 90' lang='lat' dir='ltr'>de-</span> 
     </span>
     <span class='ocr_line' id='line_1_6' title="bbox 446 519 1755 575; baseline -0.001 -17"><span class='ocrx_word' id='word_1_40' title='bbox 446 545 474 565; x_wconf 89' lang='lat'>„</span> <span class='ocrx_word' id='word_1_41' title='bbox 504 519 610 569; x_wconf 84' lang='lat' dir='ltr'>super</span> <span class='ocrx_word' id='word_1_42' title='bbox 631 519 855 559; x_wconf 74' lang='lat' dir='ltr'>necessarios</span> <span class='ocrx_word' id='word_1_43' title='bbox 882 532 1091 575; x_wconf 83' lang='lat' dir='ltr'>peragant,</span> <span class='ocrx_word' id='word_1_44' title='bbox 1117 527 1156 563; x_wconf 65' lang='lat' dir='ltr'>&amp;c</span> <span class='ocrx_word' id='word_1_45' title='bbox 1180 521 1480 572; x_wconf 83' lang='lat' dir='ltr'>prosequantur,</span> <span class='ocrx_word' id='word_1_46' title='bbox 1503 529 1544 560; x_wconf 94' lang='lat' dir='ltr'>ut</span> <span class='ocrx_word' id='word_1_47' title='bbox 1574 521 1755 570; x_wconf 72' lang='lat' dir='ltr'>praeditstae</span> 
     </span>
     <span class='ocr_line' id='line_1_7' title="bbox 442 570 1756 619; baseline -0.001 -8"><span class='ocrx_word' id='word_1_48' title='bbox 442 597 470 616; x_wconf 88' lang='grc'>,,</span> <span class='ocrx_word' id='word_1_49' title='bbox 498 570 800 611; x_wconf 80' lang='lat' dir='ltr'>Ordinatiorum</span> <span class='ocrx_word' id='word_1_50' title='bbox 820 573 1014 612; x_wconf 72' lang='lat' dir='ltr'>sententiae</span> <span class='ocrx_word' id='word_1_51' title='bbox 1030 577 1165 619; x_wconf 83' lang='lat' dir='ltr'>justam</span> <span class='ocrx_word' id='word_1_52' title='bbox 1180 574 1517 614; x_wconf 85' lang='lat' dir='ltr'>confirmationem</span> <span class='ocrx_word' id='word_1_53' title='bbox 1536 601 1547 619; x_wconf 94' lang='lat'>‚</span> <span class='ocrx_word' id='word_1_54' title='bbox 1564 575 1602 613; x_wconf 82' lang='lat'>&amp;</span> <span class='ocrx_word' id='word_1_55' title='bbox 1616 583 1756 610; x_wconf 86' lang='lat' dir='ltr'>execu-</span> 
     </span>
     <span class='ocr_line' id='line_1_8' title="bbox 442 623 1754 673; baseline 0 -13"><span class='ocrx_word' id='word_1_56' title='bbox 442 649 470 668; x_wconf 88' lang='lat'>‚,</span> <span class='ocrx_word' id='word_1_57' title='bbox 498 625 646 662; x_wconf 89' lang='lat' dir='ltr'>tionem</span> <span class='ocrx_word' id='word_1_58' title='bbox 659 624 863 663; x_wconf 80' lang='lat' dir='ltr'>obtineant</span> <span class='ocrx_word' id='word_1_59' title='bbox 882 653 891 662; x_wconf 90' lang='lat'>.</span> <span class='ocrx_word' id='word_1_60' title='bbox 923 625 1042 673; x_wconf 63' lang='lat' dir='ltr'>Qud</span> <span class='ocrx_word' id='word_1_61' title='bbox 1056 627 1081 664; x_wconf 89' lang='lat' dir='ltr'>s1</span> <span class='ocrx_word' id='word_1_62' title='bbox 1095 626 1207 665; x_wconf 70' lang='lat' dir='ltr'>dictis</span> <span class='ocrx_word' id='word_1_63' title='bbox 1223 627 1535 665; x_wconf 79' lang='lat' dir='ltr'>procuratoribus</span> <span class='ocrx_word' id='word_1_64' title='bbox 1550 623 1754 664; x_wconf 85' lang='lat' dir='ltr'>Fiscalibus</span> 
     </span>
     <span class='ocr_line' id='line_1_9' title="bbox 440 674 1754 726; baseline 0 -13"><span class='ocrx_word' id='word_1_65' title='bbox 440 700 470 719; x_wconf 86' lang='grc'>,,</span> <span class='ocrx_word' id='word_1_66' title='bbox 500 687 578 714; x_wconf 90' lang='lat' dir='ltr'>non</span> <span class='ocrx_word' id='word_1_67' title='bbox 595 676 722 713; x_wconf 89' lang='lat' dir='ltr'>citatis</span> <span class='ocrx_word' id='word_1_68' title='bbox 737 704 749 722; x_wconf 90' lang='lat'>‚</span> <span class='ocrx_word' id='word_1_69' title='bbox 765 674 999 715; x_wconf 70' lang='lat' dir='ltr'>&amp;inauditis</span> <span class='ocrx_word' id='word_1_70' title='bbox 1015 706 1026 722; x_wconf 95' lang='lat'>‚</span> <span class='ocrx_word' id='word_1_71' title='bbox 1051 678 1263 716; x_wconf 88' lang='lat' dir='ltr'>contrarias</span> <span class='ocrx_word' id='word_1_72' title='bbox 1280 678 1485 717; x_wconf 87' lang='lat' dir='ltr'>sententias</span> <span class='ocrx_word' id='word_1_73' title='bbox 1503 679 1540 715; x_wconf 90' lang='lat' dir='ltr'>in</span> <span class='ocrx_word' id='word_1_74' title='bbox 1557 676 1674 726; x_wconf 82' lang='lat' dir='ltr'>gradu</span> <span class='ocrx_word' id='word_1_75' title='bbox 1689 687 1754 723; x_wconf 80' lang='lat' dir='ltr'>ap-</span> 
     </span>
     <span class='ocr_line' id='line_1_10' title="bbox 439 727 1756 782; baseline -0.001 -18"><span class='ocrx_word' id='word_1_76' title='bbox 439 751 467 771; x_wconf 85' lang='lat'>„</span> <span class='ocrx_word' id='word_1_77' title='bbox 494 727 716 782; x_wconf 84' lang='lat' dir='ltr'>pellationis</span> <span class='ocrx_word' id='word_1_78' title='bbox 738 727 894 778; x_wconf 85' lang='lat' dir='ltr'>proferri</span> <span class='ocrx_word' id='word_1_79' title='bbox 923 730 1158 779; x_wconf 77' lang='lat' dir='ltr'>contigerit,·</span> <span class='ocrx_word' id='word_1_80' title='bbox 1187 730 1261 768; x_wconf 76' lang='lat' dir='ltr'>istae</span> <span class='ocrx_word' id='word_1_81' title='bbox 1277 730 1428 778; x_wconf 87' lang='lat' dir='ltr'>prorsus</span> <span class='ocrx_word' id='word_1_82' title='bbox 1455 730 1565 768; x_wconf 62' lang='lat' dir='ltr'>nullae</span> <span class='ocrx_word' id='word_1_83' title='bbox 1589 729 1687 772; x_wconf 85' lang='lat' dir='ltr'>fint‚</span> <span class='ocrx_word' id='word_1_84' title='bbox 1712 738 1756 764; x_wconf 84' lang='lat' dir='ltr'>ac</span> 
     </span>
     <span class='ocr_line' id='line_1_11' title="bbox 441 780 1754 830; baseline 0 -15"><span class='ocrx_word' id='word_1_85' title='bbox 441 804 469 822; x_wconf 86' lang='lat'>‚‚</span> <span class='ocrx_word' id='word_1_86' title='bbox 499 780 612 816; x_wconf 70' lang='lat' dir='ltr'>irritae</span> <span class='ocrx_word' id='word_1_87' title='bbox 635 791 722 817; x_wconf 90' lang='lat' dir='ltr'>cum</span> <span class='ocrx_word' id='word_1_88' title='bbox 740 781 919 819; x_wconf 88' lang='lat' dir='ltr'>omnibus</span> <span class='ocrx_word' id='word_1_89' title='bbox 936 781 1029 820; x_wconf 66' lang='lat' dir='ltr'>astis</span> <span class='ocrx_word' id='word_1_90' title='bbox 1043 780 1156 830; x_wconf 75' lang='lat' dir='ltr'>gestis</span> <span class='ocrx_word' id='word_1_91' title='bbox 1173 809 1184 827; x_wconf 91' lang='lat'>‚</span> <span class='ocrx_word' id='word_1_92' title='bbox 1209 782 1431 830; x_wconf 82' lang='lat' dir='ltr'>nullumque</span> <span class='ocrx_word' id='word_1_93' title='bbox 1446 781 1570 820; x_wconf 89' lang='lat' dir='ltr'>sortiri</span> <span class='ocrx_word' id='word_1_94' title='bbox 1586 780 1754 817; x_wconf 86' lang='lat' dir='ltr'>debeant</span> 
     </span>
     <span class='ocr_line' id='line_1_12' title="bbox 441 829 1754 882; baseline 0 -16"><span class='ocrx_word' id='word_1_95' title='bbox 441 855 469 875; x_wconf 88' lang='lat'>‚‚</span> <span class='ocrx_word' id='word_1_96' title='bbox 498 829 674 868; x_wconf 60' lang='lat' dir='ltr'>effectum</span> <span class='ocrx_word' id='word_1_97' title='bbox 694 843 702 868; x_wconf 91' lang='lat'>:</span> <span class='ocrx_word' id='word_1_98' title='bbox 733 833 822 881; x_wconf 91' lang='lat' dir='ltr'>quin</span> <span class='ocrx_word' id='word_1_99' title='bbox 837 833 960 871; x_wconf 89' lang='lat' dir='ltr'>immo</span> <span class='ocrx_word' id='word_1_100' title='bbox 972 833 1229 882; x_wconf 66' lang='lat' dir='ltr'>praecedentes</span> <span class='ocrx_word' id='word_1_101' title='bbox 1244 833 1542 872; x_wconf 74' lang='lat' dir='ltr'>Ordinariorum</span> <span class='ocrx_word' id='word_1_102' title='bbox 1558 831 1754 870; x_wconf 70' lang='lat' dir='ltr'>sententiae</span> 
     </span>
     <span class='ocr_line' id='line_1_13' title="bbox 441 882 1756 933; baseline 0.001 -15"><span class='ocrx_word' id='word_1_103' title='bbox 441 907 468 925; x_wconf 89' lang='lat'>‚‚</span> <span class='ocrx_word' id='word_1_104' title='bbox 498 882 718 920; x_wconf 55' lang='lat' dir='ltr'>executioni</span> <span class='ocrx_word' id='word_1_105' title='bbox 741 883 997 929; x_wconf 84' lang='lat' dir='ltr'>mandentur,</span> <span class='ocrx_word' id='word_1_106' title='bbox 1025 885 1206 933; x_wconf 83' lang='lat' dir='ltr'>perinde,</span> <span class='ocrx_word' id='word_1_107' title='bbox 1229 884 1531 933; x_wconf 80' lang='lat' dir='ltr'>acfiappellatio</span> <span class='ocrx_word' id='word_1_108' title='bbox 1555 884 1606 922; x_wconf 82' lang='lat' dir='ltr'>ab&#39;</span> <span class='ocrx_word' id='word_1_109' title='bbox 1621 884 1667 921; x_wconf 92' lang='lat' dir='ltr'>iis</span> <span class='ocrx_word' id='word_1_110' title='bbox 1696 882 1756 919; x_wconf 88' lang='lat' dir='ltr'>in-</span> 
     </span>
     <span class='ocr_line' id='line_1_14' title="bbox 441 935 1078 982; baseline 0.008 -13"><span class='ocrx_word' id='word_1_111' title='bbox 441 958 468 977; x_wconf 85' lang='lat'>„</span> <span class='ocrx_word' id='word_1_112' title='bbox 499 935 678 982; x_wconf 80' lang='lat' dir='ltr'>terposita</span> <span class='ocrx_word' id='word_1_113' title='bbox 694 935 911 974; x_wconf 87' lang='lat' dir='ltr'>nullatenus</span> <span class='ocrx_word' id='word_1_114' title='bbox 923 935 1054 974; x_wconf 89' lang='lat' dir='ltr'>fuisset</span> <span class='ocrx_word' id='word_1_115' title='bbox 1069 964 1078 974; x_wconf 92' lang='lat'><strong>.</strong></span> 
     </span>
    </p>

    <p class='ocr_par' dir='ltr' id='par_1_3' title="bbox 432 984 1754 1856">
     <span class='ocr_line' id='line_1_15' title="bbox 494 984 1754 1037; baseline 0.002 -17"><span class='ocrx_word' id='word_1_116' title='bbox 494 997 538 1027; x_wconf 87' lang='lat'>25</span> <span class='ocrx_word' id='word_1_117' title='bbox 596 1012 622 1030; x_wconf 94' lang='lat'>„</span> <span class='ocrx_word' id='word_1_118' title='bbox 653 987 837 1025; x_wconf 72' lang='lat' dir='ltr'>Ceterum</span> <span class='ocrx_word' id='word_1_119' title='bbox 855 1014 865 1030; x_wconf 88' lang='lat'>‚</span> <span class='ocrx_word' id='word_1_120' title='bbox 895 999 982 1024; x_wconf 91' lang='lat' dir='ltr'>cum</span> <span class='ocrx_word' id='word_1_121' title='bbox 998 986 1232 1036; x_wconf 83' lang='lat' dir='ltr'>generaliter</span> <span class='ocrx_word' id='word_1_122' title='bbox 1256 988 1356 1026; x_wconf 84' lang='lat' dir='ltr'>circa</span> <span class='ocrx_word' id='word_1_123' title='bbox 1371 988 1648 1037; x_wconf 85' lang='lat' dir='ltr'>appellationes</span> <span class='ocrx_word' id='word_1_124' title='bbox 1671 1013 1682 1030; x_wconf 98' lang='lat'>,</span> <span class='ocrx_word' id='word_1_125' title='bbox 1715 984 1754 1022; x_wconf 68' lang='grc' dir='ltr'>δε</span> 
     </span>
     <span class='ocr_line' id='line_1_16' title="bbox 440 1034 1753 1087; baseline 0.002 -16"><span class='ocrx_word' id='word_1_126' title='bbox 440 1060 467 1079; x_wconf 84' lang='lat'>,‚</span> <span class='ocrx_word' id='word_1_127' title='bbox 497 1034 749 1074; x_wconf 86' lang='lat' dir='ltr'>inhibitiones</span> <span class='ocrx_word' id='word_1_128' title='bbox 772 1037 860 1074; x_wconf 89' lang='lat' dir='ltr'>satis</span> <span class='ocrx_word' id='word_1_129' title='bbox 884 1038 1079 1085; x_wconf 86' lang='lat' dir='ltr'>provisum</span> <span class='ocrx_word' id='word_1_130' title='bbox 1105 1037 1221 1076; x_wconf 89' lang='lat' dir='ltr'>fuerit</span> <span class='ocrx_word' id='word_1_131' title='bbox 1245 1051 1309 1087; x_wconf 81' lang='lat' dir='ltr'>per</span> <span class='ocrx_word' id='word_1_132' title='bbox 1334 1039 1660 1077; x_wconf 90' lang='lat' dir='ltr'>Constitutionem</span> <span class='ocrx_word' id='word_1_133' title='bbox 1686 1034 1753 1085; x_wconf 73' lang='lat' dir='ltr'>pie</span> 
     </span>
     <span class='ocr_line' id='line_1_17' title="bbox 440 1086 1751 1134; baseline 0.002 -11"><span class='ocrx_word' id='word_1_134' title='bbox 440 1112 466 1129; x_wconf 89' lang='lat'>,‚</span> <span class='ocrx_word' id='word_1_135' title='bbox 496 1098 613 1123; x_wconf 88' lang='lat' dir='ltr'>mem.</span> <span class='ocrx_word' id='word_1_136' title='bbox 632 1088 847 1125; x_wconf 88' lang='lat' dir='ltr'>Innocentii</span> <span class='ocrx_word' id='word_1_137' title='bbox 863 1088 969 1134; x_wconf 82' lang='lat' dir='ltr'>Papae</span> <span class='ocrx_word' id='word_1_138' title='bbox 983 1089 1050 1127; x_wconf 88' lang='lat' dir='ltr'>lV.</span> <span class='ocrx_word' id='word_1_139' title='bbox 1070 1087 1358 1128; x_wconf 81' lang='lat' dir='ltr'>Praedecessoris</span> <span class='ocrx_word' id='word_1_140' title='bbox 1383 1087 1505 1128; x_wconf 88' lang='lat' dir='ltr'>etiarn</span> <span class='ocrx_word' id='word_1_141' title='bbox 1527 1089 1680 1132; x_wconf 85' lang='lat' dir='ltr'>Nostri,</span> <span class='ocrx_word' id='word_1_142' title='bbox 1710 1086 1751 1126; x_wconf 90' lang='lat' dir='ltr'>in</span> 
     </span>
     <span class='ocr_line' id='line_1_18' title="bbox 438 1137 1752 1188; baseline -0.001 -12"><span class='ocrx_word' id='word_1_143' title='bbox 438 1163 466 1183; x_wconf 83' lang='lat'>‚‚</span> <span class='ocrx_word' id='word_1_144' title='bbox 493 1137 587 1187; x_wconf 86' lang='lat' dir='ltr'>Cap.</span> <span class='ocrx_word' id='word_1_145' title='bbox 605 1140 785 1184; x_wconf 75' lang='lat' dir='ltr'>Romana,</span> <span class='ocrx_word' id='word_1_146' title='bbox 815 1151 858 1177; x_wconf 90' lang='lat' dir='ltr'>ac</span> <span class='ocrx_word' id='word_1_147' title='bbox 883 1139 1002 1177; x_wconf 88' lang='lat' dir='ltr'>etiam</span> <span class='ocrx_word' id='word_1_148' title='bbox 1029 1151 1095 1188; x_wconf 87' lang='lat' dir='ltr'>per</span> <span class='ocrx_word' id='word_1_149' title='bbox 1119 1140 1286 1180; x_wconf 85' lang='lat' dir='ltr'>Decreta</span> <span class='ocrx_word' id='word_1_150' title='bbox 1315 1141 1487 1180; x_wconf 88' lang='lat' dir='ltr'>Concilii</span> <span class='ocrx_word' id='word_1_151' title='bbox 1504 1139 1752 1184; x_wconf 86' lang='lat' dir='ltr'>Tridentini,</span> 
     </span>
     <span class='ocr_line' id='line_1_19' title="bbox 438 1189 1751 1242; baseline 0.002 -15"><span class='ocrx_word' id='word_1_152' title='bbox 438 1215 467 1234; x_wconf 88' lang='lat'><strong>„</strong></span> <span class='ocrx_word' id='word_1_153' title='bbox 496 1189 667 1237; x_wconf 79' lang='lat' dir='ltr'>itemque</span> <span class='ocrx_word' id='word_1_154' title='bbox 684 1191 758 1228; x_wconf 87' lang='lat' dir='ltr'>alia</span> <span class='ocrx_word' id='word_1_155' title='bbox 771 1190 875 1228; x_wconf 86' lang='lat' dir='ltr'>edita</span> <span class='ocrx_word' id='word_1_156' title='bbox 898 1191 961 1229; x_wconf 87' lang='lat' dir='ltr'>die</span> <span class='ocrx_word' id='word_1_157' title='bbox 979 1195 1039 1228; x_wconf 81' lang='lat'>16.</span> <span class='ocrx_word' id='word_1_158' title='bbox 1053 1192 1235 1230; x_wconf 64' lang='lat' dir='ltr'>Octobris</span> <span class='ocrx_word' id='word_1_159' title='bbox 1253 1193 1362 1231; x_wconf 69' lang='lat'>1600.</span> <span class='ocrx_word' id='word_1_160' title='bbox 1380 1194 1400 1231; x_wconf 76' lang='lat' dir='ltr'>a</span> <span class='ocrx_word' id='word_1_161' title='bbox 1415 1191 1751 1242; x_wconf 58' lang='lat' dir='ltr'>Cormregafione,</span> 
     </span>
     <span class='ocr_line' id='line_1_20' title="bbox 437 1232 1752 1292; baseline 0.002 -14"><span class='ocrx_word' id='word_1_162' title='bbox 437 1266 466 1285; x_wconf 70' lang='lat'>2,</span> <span class='ocrx_word' id='word_1_163' title='bbox 498 1242 661 1290; x_wconf 81' lang='lat' dir='ltr'>negotiis</span> <span class='ocrx_word' id='word_1_164' title='bbox 679 1269 691 1287; x_wconf 88' lang='lat'>‚</span> <span class='ocrx_word' id='word_1_165' title='bbox 717 1242 1110 1282; x_wconf 82' lang='lat' dir='ltr'>&amp;consultationibus</span> <span class='ocrx_word' id='word_1_166' title='bbox 1126 1244 1396 1292; x_wconf 86' lang='lat' dir='ltr'>Episcoporum</span> <span class='ocrx_word' id='word_1_167' title='bbox 1412 1271 1422 1289; x_wconf 93' lang='lat'>‚</span> <span class='ocrx_word' id='word_1_168' title='bbox 1451 1245 1489 1284; x_wconf 72' lang='grc' dir='ltr'>ὃ(</span> <span class='ocrx_word' id='word_1_169' title='bbox 1504 1232 1752 1291; x_wconf 73' lang='lat' dir='ltr'>Regularium</span> 
     </span>
     <span class='ocr_line' id='line_1_21' title="bbox 438 1293 1754 1342; baseline 0.002 -14"><span class='ocrx_word' id='word_1_170' title='bbox 438 1318 465 1337; x_wconf 87' lang='lat'>‚‚</span> <span class='ocrx_word' id='word_1_171' title='bbox 495 1294 710 1341; x_wconf 78' lang='lat' dir='ltr'>praepofita,</span> <span class='ocrx_word' id='word_1_172' title='bbox 740 1293 777 1332; x_wconf 69' lang='grc' dir='ltr'>ὅ(</span> <span class='ocrx_word' id='word_1_173' title='bbox 792 1294 812 1331; x_wconf 72' lang='grc' dir='ltr'>ἐι</span> <span class='ocrx_word' id='word_1_174' title='bbox 828 1294 983 1342; x_wconf 86' lang='lat' dir='ltr'>praefato</span> <span class='ocrx_word' id='word_1_175' title='bbox 995 1294 1203 1333; x_wconf 87' lang='lat' dir='ltr'>Clemente</span> <span class='ocrx_word' id='word_1_176' title='bbox 1217 1294 1325 1334; x_wconf 89' lang='lat' dir='ltr'>VIII.</span> <span class='ocrx_word' id='word_1_177' title='bbox 1357 1293 1634 1333; x_wconf 81' lang='lat' dir='ltr'>Praedecessore</span> <span class='ocrx_word' id='word_1_178' title='bbox 1658 1305 1754 1331; x_wconf 80' lang='lat' dir='ltr'>con-</span> 
     </span>
     <span class='ocr_line' id='line_1_22' title="bbox 436 1343 1749 1394; baseline 0.002 -14"><span class='ocrx_word' id='word_1_179' title='bbox 436 1369 464 1389; x_wconf 82' lang='lat'>‚‚</span> <span class='ocrx_word' id='word_1_180' title='bbox 494 1343 646 1382; x_wconf 82' lang='lat' dir='ltr'>firmata</span> <span class='ocrx_word' id='word_1_181' title='bbox 659 1372 670 1390; x_wconf 94' lang='lat'>,</span> <span class='ocrx_word' id='word_1_182' title='bbox 696 1357 740 1383; x_wconf 90' lang='lat' dir='ltr'>ac</span> <span class='ocrx_word' id='word_1_183' title='bbox 755 1343 918 1394; x_wconf 86' lang='lat' dir='ltr'>denique</span> <span class='ocrx_word' id='word_1_184' title='bbox 932 1347 1050 1384; x_wconf 89' lang='lat' dir='ltr'>etiam</span> <span class='ocrx_word' id='word_1_185' title='bbox 1066 1346 1141 1383; x_wconf 78' lang='lat' dir='ltr'>alia</span> <span class='ocrx_word' id='word_1_186' title='bbox 1158 1347 1401 1394; x_wconf 73' lang='lat' dir='ltr'>promulgata</span> <span class='ocrx_word' id='word_1_187' title='bbox 1422 1355 1595 1394; x_wconf 77' lang='lat' dir='ltr'>ternpore</span> <span class='ocrx_word' id='word_1_188' title='bbox 1610 1343 1749 1383; x_wconf 90' lang='lat' dir='ltr'>Ponti-</span> 
     </span>
     <span class='ocr_line' id='line_1_23' title="bbox 436 1394 1748 1445; baseline 0.002 -14"><span class='ocrx_word' id='word_1_189' title='bbox 436 1421 463 1440; x_wconf 85' lang='lat'>„</span> <span class='ocrx_word' id='word_1_190' title='bbox 492 1394 628 1433; x_wconf 86' lang='lat' dir='ltr'>ficatus</span> <span class='ocrx_word' id='word_1_191' title='bbox 653 1397 784 1434; x_wconf 84' lang='lat' dir='ltr'>fimilis</span> <span class='ocrx_word' id='word_1_192' title='bbox 808 1408 924 1433; x_wconf 89' lang='lat' dir='ltr'>mem.</span> <span class='ocrx_word' id='word_1_193' title='bbox 940 1397 1090 1435; x_wconf 86' lang='lat' dir='ltr'>Urbani</span> <span class='ocrx_word' id='word_1_194' title='bbox 1115 1397 1219 1445; x_wconf 77' lang='lat' dir='ltr'>Papae</span> <span class='ocrx_word' id='word_1_195' title='bbox 1234 1398 1340 1435; x_wconf 89' lang='lat' dir='ltr'>VIII.</span> <span class='ocrx_word' id='word_1_196' title='bbox 1371 1396 1657 1434; x_wconf 79' lang='lat' dir='ltr'>Praedecessoris</span> <span class='ocrx_word' id='word_1_197' title='bbox 1682 1395 1748 1433; x_wconf 87' lang='lat' dir='ltr'>iti-</span> 
     </span>
     <span class='ocr_line' id='line_1_24' title="bbox 437 1446 1744 1496; baseline 0.002 -13"><span class='ocrx_word' id='word_1_198' title='bbox 437 1473 464 1491; x_wconf 87' lang='lat'>„</span> <span class='ocrx_word' id='word_1_199' title='bbox 493 1447 582 1484; x_wconf 86' lang='lat' dir='ltr'>dem</span> <span class='ocrx_word' id='word_1_200' title='bbox 596 1447 750 1491; x_wconf 90' lang='lat' dir='ltr'>Nostri,</span> <span class='ocrx_word' id='word_1_201' title='bbox 762 1447 823 1485; x_wconf 89' lang='lat' dir='ltr'>die</span> <span class='ocrx_word' id='word_1_202' title='bbox 837 1446 1020 1486; x_wconf 88' lang='lat' dir='ltr'>videlicet</span> <span class='ocrx_word' id='word_1_203' title='bbox 1038 1461 1070 1491; x_wconf 91' lang='lat'>5.</span> <span class='ocrx_word' id='word_1_204' title='bbox 1084 1448 1317 1496; x_wconf 87' lang='lat' dir='ltr'>Septembris</span> <span class='ocrx_word' id='word_1_205' title='bbox 1336 1452 1445 1485; x_wconf 89' lang='lat'>1626.</span> <span class='ocrx_word' id='word_1_206' title='bbox 1465 1475 1475 1492; x_wconf 95' lang='lat'><strong>‚</strong></span> <span class='ocrx_word' id='word_1_207' title='bbox 1489 1449 1666 1486; x_wconf 87' lang='lat' dir='ltr'>volumus</span> <span class='ocrx_word' id='word_1_208' title='bbox 1680 1475 1690 1492; x_wconf 89' lang='lat'>‚</span> <span class='ocrx_word' id='word_1_209' title='bbox 1705 1447 1744 1485; x_wconf 69' lang='lat' dir='ltr'>Sc</span> 
     </span>
     <span class='ocr_line' id='line_1_25' title="bbox 435 1497 1748 1548; baseline 0 -12"><span class='ocrx_word' id='word_1_210' title='bbox 435 1524 464 1543; x_wconf 91' lang='lat'>„</span> <span class='ocrx_word' id='word_1_211' title='bbox 492 1498 724 1536; x_wconf 87' lang='lat' dir='ltr'>mandamus</span> <span class='ocrx_word' id='word_1_212' title='bbox 740 1525 751 1543; x_wconf 91' lang='lat'>‚</span> <span class='ocrx_word' id='word_1_213' title='bbox 775 1498 877 1547; x_wconf 80' lang='lat' dir='ltr'>quod</span> <span class='ocrx_word' id='word_1_214' title='bbox 893 1497 1075 1548; x_wconf 85' lang='lat' dir='ltr'>quidquid</span> <span class='ocrx_word' id='word_1_215' title='bbox 1100 1499 1137 1536; x_wconf 91' lang='lat' dir='ltr'>in</span> <span class='ocrx_word' id='word_1_216' title='bbox 1156 1499 1336 1537; x_wconf 84' lang='lat' dir='ltr'>omnibus</span> <span class='ocrx_word' id='word_1_217' title='bbox 1350 1498 1578 1537; x_wconf 85' lang='lat' dir='ltr'>memoratis</span> <span class='ocrx_word' id='word_1_218' title='bbox 1593 1499 1748 1538; x_wconf 89' lang='lat' dir='ltr'>Consti-</span> 
     </span>
     <span class='ocr_line' id='line_1_26' title="bbox 435 1548 1746 1600; baseline 0.001 -13"><span class='ocrx_word' id='word_1_219' title='bbox 435 1576 463 1595; x_wconf 86' lang='lat'><strong>„</strong></span> <span class='ocrx_word' id='word_1_220' title='bbox 492 1551 706 1588; x_wconf 86' lang='lat' dir='ltr'>tutionibus</span> <span class='ocrx_word' id='word_1_221' title='bbox 723 1577 735 1594; x_wconf 93' lang='lat'>,</span> <span class='ocrx_word' id='word_1_222' title='bbox 759 1551 796 1589; x_wconf 63' lang='grc' dir='ltr'>ἃ</span> <span class='ocrx_word' id='word_1_223' title='bbox 809 1550 986 1588; x_wconf 85' lang='lat' dir='ltr'>Decretis</span> <span class='ocrx_word' id='word_1_224' title='bbox 999 1551 1172 1589; x_wconf 91' lang='lat' dir='ltr'>statuitur</span> <span class='ocrx_word' id='word_1_225' title='bbox 1186 1578 1198 1595; x_wconf 92' lang='lat'>,</span> <span class='ocrx_word' id='word_1_226' title='bbox 1214 1548 1498 1600; x_wconf 76' lang='lat' dir='ltr'>diligentissime</span> <span class='ocrx_word' id='word_1_227' title='bbox 1516 1562 1579 1599; x_wconf 86' lang='lat' dir='ltr'>per</span> <span class='ocrx_word' id='word_1_228' title='bbox 1594 1561 1746 1596; x_wconf 89' lang='lat' dir='ltr'>omnes,</span> 
     </span>
     <span class='ocr_line' id='line_1_27' title="bbox 436 1600 1746 1649; baseline 0.002 -12"><span class='ocrx_word' id='word_1_229' title='bbox 436 1626 462 1645; x_wconf 85' lang='lat'>‚,</span> <span class='ocrx_word' id='word_1_230' title='bbox 494 1601 539 1639; x_wconf 91' lang='lat' dir='ltr'>iis</span> <span class='ocrx_word' id='word_1_231' title='bbox 565 1600 860 1649; x_wconf 87' lang='lat' dir='ltr'>comprehensos</span> <span class='ocrx_word' id='word_1_232' title='bbox 876 1627 887 1645; x_wconf 92' lang='lat'>‚</span> <span class='ocrx_word' id='word_1_233' title='bbox 913 1602 1134 1640; x_wconf 88' lang='lat' dir='ltr'>observetur</span> <span class='ocrx_word' id='word_1_234' title='bbox 1149 1603 1186 1639; x_wconf 92' lang='lat' dir='ltr'>in</span> <span class='ocrx_word' id='word_1_235' title='bbox 1203 1602 1336 1640; x_wconf 82' lang='lat' dir='ltr'>Caufis</span> <span class='ocrx_word' id='word_1_236' title='bbox 1351 1602 1399 1639; x_wconf 86' lang='lat' dir='ltr'>ad</span> <span class='ocrx_word' id='word_1_237' title='bbox 1411 1602 1547 1640; x_wconf 79' lang='lat' dir='ltr'>Curias</span> <span class='ocrx_word' id='word_1_238' title='bbox 1562 1602 1746 1640; x_wconf 77' lang='lat' dir='ltr'>Ecclesia-</span> 
     </span>
     <span class='ocr_line' id='line_1_28' title="bbox 437 1651 1743 1703; baseline 0.002 -13"><span class='ocrx_word' id='word_1_239' title='bbox 437 1678 464 1696; x_wconf 87' lang='lat'>„</span> <span class='ocrx_word' id='word_1_240' title='bbox 494 1653 602 1691; x_wconf 86' lang='lat' dir='ltr'>sticas</span> <span class='ocrx_word' id='word_1_241' title='bbox 631 1652 908 1699; x_wconf 81' lang='lat' dir='ltr'>pertinentibus</span> <span class='ocrx_word' id='word_1_242' title='bbox 934 1651 973 1691; x_wconf 93' lang='lat' dir='ltr'>in</span> <span class='ocrx_word' id='word_1_243' title='bbox 989 1652 1129 1703; x_wconf 84' lang='lat' dir='ltr'>Regnis</span> <span class='ocrx_word' id='word_1_244' title='bbox 1143 1652 1414 1699; x_wconf 86' lang='lat' dir='ltr'>Hispaniarum</span> <span class='ocrx_word' id='word_1_245' title='bbox 1430 1667 1444 1693; x_wconf 89' lang='lat'>‚·</span> <span class='ocrx_word' id='word_1_246' title='bbox 1471 1664 1743 1701; x_wconf 72' lang='lat' dir='ltr'>quacumque.-</span> 
     </span>
     <span class='ocr_line' id='line_1_29' title="bbox 434 1701 1742 1754; baseline -0.001 -13"><span class='ocrx_word' id='word_1_247' title='bbox 434 1729 461 1748; x_wconf 88' lang='lat'>,‚</span> <span class='ocrx_word' id='word_1_248' title='bbox 490 1703 764 1742; x_wconf 87' lang='lat' dir='ltr'>consuetudine</span> <span class='ocrx_word' id='word_1_249' title='bbox 786 1704 905 1742; x_wconf 84' lang='lat' dir='ltr'>etiarn</span> <span class='ocrx_word' id='word_1_250' title='bbox 922 1703 1251 1748; x_wconf 88' lang='lat' dir='ltr'>immemorabili,</span> <span class='ocrx_word' id='word_1_251' title='bbox 1275 1704 1336 1741; x_wconf 88' lang='lat' dir='ltr'>vel</span> <span class='ocrx_word' id='word_1_252' title='bbox 1353 1704 1488 1752; x_wconf 85' lang='lat' dir='ltr'>quovis</span> <span class='ocrx_word' id='word_1_253' title='bbox 1507 1701 1714 1754; x_wconf 83' lang='lat' dir='ltr'>privilegio</span> <span class='ocrx_word' id='word_1_254' title='bbox 1731 1731 1742 1749; x_wconf 94' lang='lat'>‚</span> 
     </span>
     <span class='ocr_line' id='line_1_30' title="bbox 433 1753 1737 1804; baseline 0 -12"><span class='ocrx_word' id='word_1_255' title='bbox 433 1780 460 1800; x_wconf 90' lang='lat'>,‚</span> <span class='ocrx_word' id='word_1_256' title='bbox 489 1763 555 1792; x_wconf 90' lang='lat' dir='ltr'>aut</span> <span class='ocrx_word' id='word_1_257' title='bbox 572 1756 672 1804; x_wconf 89' lang='lat' dir='ltr'>stylo</span> <span class='ocrx_word' id='word_1_258' title='bbox 687 1754 923 1793; x_wconf 89' lang='lat' dir='ltr'>concedendi</span> <span class='ocrx_word' id='word_1_259' title='bbox 940 1755 1059 1792; x_wconf 88' lang='lat' dir='ltr'>etiam</span> <span class='ocrx_word' id='word_1_260' title='bbox 1075 1754 1255 1803; x_wconf 89' lang='lat' dir='ltr'>quasdam</span> <span class='ocrx_word' id='word_1_261' title='bbox 1271 1753 1737 1804; x_wconf 88' lang='lat' dir='ltr'>inhibitiones,nuncupa-</span> 
     </span>
     <span class='ocr_line' id='line_1_31' title="bbox 432 1804 1219 1856; baseline -0.003 -11"><span class='ocrx_word' id='word_1_262' title='bbox 432 1832 460 1852; x_wconf 93' lang='lat'><strong>„</strong></span> <span class='ocrx_word' id='word_1_263' title='bbox 490 1814 548 1845; x_wconf 87' lang='lat' dir='ltr'>tas</span> <span class='ocrx_word' id='word_1_264' title='bbox 571 1804 826 1856; x_wconf 87' lang='lat' dir='ltr'>temporarias</span> <span class='ocrx_word' id='word_1_265' title='bbox 841 1833 853 1851; x_wconf 91' lang='lat'>,</span> <span class='ocrx_word' id='word_1_266' title='bbox 881 1806 1032 1855; x_wconf 84' lang='lat' dir='ltr'>penitus</span> <span class='ocrx_word' id='word_1_267' title='bbox 1045 1807 1194 1845; x_wconf 86' lang='lat' dir='ltr'>excluso</span> <span class='ocrx_word' id='word_1_268' title='bbox 1209 1833 1219 1843; x_wconf 89' lang='lat'>.</span> 
     </span>
    </p>

    <p class='ocr_par' dir='ltr' id='par_1_4' title="bbox 420 1857 1751 2368">
     <span class='ocr_line' id='line_1_32' title="bbox 487 1857 1741 1908; baseline 0.001 -13"><span class='ocrx_word' id='word_1_269' title='bbox 487 1862 536 1895; x_wconf 85' lang='lat'>26</span> <span class='ocrx_word' id='word_1_270' title='bbox 590 1885 616 1904; x_wconf 93' lang='lat'>‚‚</span> <span class='ocrx_word' id='word_1_271' title='bbox 647 1858 738 1907; x_wconf 89' lang='lat' dir='ltr'>Qo</span> <span class='ocrx_word' id='word_1_272' title='bbox 763 1860 856 1896; x_wconf 83' lang='lat' dir='ltr'>vero</span> <span class='ocrx_word' id='word_1_273' title='bbox 881 1857 1104 1908; x_wconf 78' lang='lat' dir='ltr'>adjudices</span> <span class='ocrx_word' id='word_1_274' title='bbox 1129 1857 1434 1897; x_wconf 89' lang='lat' dir='ltr'>Conservatores</span> <span class='ocrx_word' id='word_1_275' title='bbox 1451 1885 1462 1903; x_wconf 93' lang='lat'>‚</span> <span class='ocrx_word' id='word_1_276' title='bbox 1488 1858 1526 1897; x_wconf 69' lang='lat'>81.</span> <span class='ocrx_word' id='word_1_277' title='bbox 1550 1857 1711 1896; x_wconf 86' lang='lat' dir='ltr'>modum</span> <span class='ocrx_word' id='word_1_278' title='bbox 1729 1885 1741 1903; x_wconf 95' lang='lat'>,</span> 
     </span>
     <span class='ocr_line' id='line_1_33' title="bbox 427 1909 1741 1960; baseline 0 -13"><span class='ocrx_word' id='word_1_279' title='bbox 427 1935 455 1954; x_wconf 87' lang='lat'>‚‚</span> <span class='ocrx_word' id='word_1_280' title='bbox 484 1921 529 1948; x_wconf 88' lang='lat' dir='ltr'>ac</span> <span class='ocrx_word' id='word_1_281' title='bbox 553 1909 778 1950; x_wconf 80' lang='lat' dir='ltr'>facultatem</span> <span class='ocrx_word' id='word_1_282' title='bbox 803 1909 1034 1960; x_wconf 88' lang='lat' dir='ltr'>procedendi</span> <span class='ocrx_word' id='word_1_283' title='bbox 1056 1910 1095 1948; x_wconf 91' lang='lat' dir='ltr'>in</span> <span class='ocrx_word' id='word_1_284' title='bbox 1112 1910 1244 1949; x_wconf 84' lang='lat' dir='ltr'>Caufis</span> <span class='ocrx_word' id='word_1_285' title='bbox 1260 1911 1454 1951; x_wconf 79' lang='lat' dir='ltr'>Civilibus</span> <span class='ocrx_word' id='word_1_286' title='bbox 1469 1936 1480 1953; x_wconf 88' lang='lat'>‚</span> <span class='ocrx_word' id='word_1_287' title='bbox 1503 1922 1582 1958; x_wconf 84' lang='lat' dir='ltr'>quae</span> <span class='ocrx_word' id='word_1_288' title='bbox 1607 1909 1655 1948; x_wconf 88' lang='lat' dir='ltr'>ad</span> <span class='ocrx_word' id='word_1_289' title='bbox 1672 1922 1741 1947; x_wconf 92' lang='lat' dir='ltr'>eo-</span> 
     </span>
     <span class='ocr_line' id='line_1_34' title="bbox 428 1960 1743 2011; baseline 0 -12"><span class='ocrx_word' id='word_1_290' title='bbox 428 1986 456 2006; x_wconf 85' lang='lat'>„</span> <span class='ocrx_word' id='word_1_291' title='bbox 485 1973 570 1999; x_wconf 88' lang='lat' dir='ltr'>rum</span> <span class='ocrx_word' id='word_1_292' title='bbox 595 1961 867 2011; x_wconf 86' lang='lat' dir='ltr'>cognitionem</span> <span class='ocrx_word' id='word_1_293' title='bbox 897 1961 1088 2010; x_wconf 85' lang='lat' dir='ltr'>pertinere</span> <span class='ocrx_word' id='word_1_294' title='bbox 1105 1960 1241 2010; x_wconf 86' lang='lat' dir='ltr'>poffint</span> <span class='ocrx_word' id='word_1_295' title='bbox 1257 1988 1269 2007; x_wconf 90' lang='lat'>‚</span> <span class='ocrx_word' id='word_1_296' title='bbox 1294 1961 1482 1999; x_wconf 78' lang='lat' dir='ltr'>inviolate</span> <span class='ocrx_word' id='word_1_297' title='bbox 1497 1960 1743 1999; x_wconf 82' lang='lat' dir='ltr'>custodienda</span> 
     </span>
     <span class='ocr_line' id='line_1_35' title="bbox 428 2011 1743 2062; baseline 0 -12"><span class='ocrx_word' id='word_1_298' title='bbox 428 2038 456 2057; x_wconf 86' lang='lat'>‚,</span> <span class='ocrx_word' id='word_1_299' title='bbox 484 2014 557 2050; x_wconf 89' lang='lat' dir='ltr'>erit</span> <span class='ocrx_word' id='word_1_300' title='bbox 576 2024 714 2052; x_wconf 84' lang='lat' dir='ltr'>norma</span> <span class='ocrx_word' id='word_1_301' title='bbox 740 2012 1001 2062; x_wconf 60' lang='lat' dir='ltr'>praescriptam</span> <span class='ocrx_word' id='word_1_302' title='bbox 1016 2011 1361 2051; x_wconf 89' lang='lat' dir='ltr'>Constitutionibus</span> <span class='ocrx_word' id='word_1_303' title='bbox 1381 2012 1446 2050; x_wconf 87' lang='lat' dir='ltr'>fel.</span> <span class='ocrx_word' id='word_1_304' title='bbox 1467 2024 1540 2050; x_wconf 88' lang='lat' dir='ltr'>ree.</span> <span class='ocrx_word' id='word_1_305' title='bbox 1557 2012 1743 2051; x_wconf 82' lang='lat' dir='ltr'>Innocen-</span> 
     </span>
     <span class='ocr_line' id='line_1_36' title="bbox 425 2062 1742 2112; baseline -0.001 -11"><span class='ocrx_word' id='word_1_306' title='bbox 425 2088 455 2108; x_wconf 87' lang='lat'>‚,</span> <span class='ocrx_word' id='word_1_307' title='bbox 482 2064 527 2101; x_wconf 87' lang='lat' dir='ltr'>tii</span> <span class='ocrx_word' id='word_1_308' title='bbox 550 2063 643 2111; x_wconf 89' lang='lat' dir='ltr'>IV.‚</span> <span class='ocrx_word' id='word_1_309' title='bbox 671 2063 887 2102; x_wconf 82' lang='lat' dir='ltr'>Alexandri</span> <span class='ocrx_word' id='word_1_310' title='bbox 914 2064 1007 2109; x_wconf 89' lang='lat' dir='ltr'>IV.‚</span> <span class='ocrx_word' id='word_1_311' title='bbox 1033 2064 1221 2102; x_wconf 86' lang='lat' dir='ltr'>Bonifacii</span> <span class='ocrx_word' id='word_1_312' title='bbox 1250 2063 1385 2109; x_wconf 91' lang='lat' dir='ltr'>VIII.‚</span> <span class='ocrx_word' id='word_1_313' title='bbox 1411 2062 1592 2112; x_wconf 77' lang='lat' dir='ltr'>Gregorii</span> <span class='ocrx_word' id='word_1_314' title='bbox 1623 2063 1710 2102; x_wconf 88' lang='lat' dir='ltr'>XV.</span> <span class='ocrx_word' id='word_1_315' title='bbox 1729 2091 1742 2109; x_wconf 94' lang='lat'>‚</span> 
     </span>
     <span class='ocr_line' id='line_1_37' title="bbox 425 2113 1741 2166; baseline -0.001 -14"><span class='ocrx_word' id='word_1_316' title='bbox 425 2140 454 2162; x_wconf 82' lang='lat'>‚,</span> <span class='ocrx_word' id='word_1_317' title='bbox 483 2115 723 2166; x_wconf 90' lang='lat' dir='ltr'>aliorumque</span> <span class='ocrx_word' id='word_1_318' title='bbox 751 2115 1015 2154; x_wconf 90' lang='lat' dir='ltr'>Romanorum</span> <span class='ocrx_word' id='word_1_319' title='bbox 1041 2115 1275 2154; x_wconf 71' lang='lat' dir='ltr'>Pontificum</span> <span class='ocrx_word' id='word_1_320' title='bbox 1293 2141 1304 2159; x_wconf 88' lang='lat'>‚</span> <span class='ocrx_word' id='word_1_321' title='bbox 1325 2114 1642 2154; x_wconf 86' lang='lat' dir='ltr'>Praedecessorum</span> <span class='ocrx_word' id='word_1_322' title='bbox 1657 2113 1741 2152; x_wconf 89' lang='lat' dir='ltr'>No-</span> 
     </span>
     <span class='ocr_line' id='line_1_38' title="bbox 424 2165 1751 2212; baseline -0.002 -7"><span class='ocrx_word' id='word_1_323' title='bbox 424 2193 453 2212; x_wconf 87' lang='lat'><strong>„</strong></span> <span class='ocrx_word' id='word_1_324' title='bbox 480 2168 642 2206; x_wconf 85' lang='lat' dir='ltr'>strorum</span> <span class='ocrx_word' id='word_1_325' title='bbox 658 2195 667 2212; x_wconf 91' lang='lat'>,</span> <span class='ocrx_word' id='word_1_326' title='bbox 682 2170 754 2204; x_wconf 87' lang='lat' dir='ltr'>hac</span> <span class='ocrx_word' id='word_1_327' title='bbox 772 2166 819 2204; x_wconf 87' lang='lat' dir='ltr'>de</span> <span class='ocrx_word' id='word_1_328' title='bbox 832 2179 872 2204; x_wconf 91' lang='lat' dir='ltr'>re</span> <span class='ocrx_word' id='word_1_329' title='bbox 885 2166 1000 2205; x_wconf 89' lang='lat' dir='ltr'>editis</span> <span class='ocrx_word' id='word_1_330' title='bbox 1022 2195 1033 2212; x_wconf 93' lang='lat'>‚</span> <span class='ocrx_word' id='word_1_331' title='bbox 1059 2179 1208 2205; x_wconf 89' lang='lat' dir='ltr'>necnon</span> <span class='ocrx_word' id='word_1_332' title='bbox 1226 2167 1265 2204; x_wconf 89' lang='lat' dir='ltr'>in</span> <span class='ocrx_word' id='word_1_333' title='bbox 1281 2166 1457 2205; x_wconf 82' lang='lat' dir='ltr'>DecretiS</span> <span class='ocrx_word' id='word_1_334' title='bbox 1472 2166 1639 2205; x_wconf 86' lang='lat' dir='ltr'>Concilii</span> <span class='ocrx_word' id='word_1_335' title='bbox 1651 2165 1751 2209; x_wconf 2' lang='lat' dir='ltr'>Tri-a</span> 
     </span>
     <span class='ocr_line' id='line_1_39' title="bbox 420 2217 1739 2268; baseline -0.002 -12"><span class='ocrx_word' id='word_1_336' title='bbox 420 2244 449 2264; x_wconf 92' lang='lat'><strong>„</strong></span> <span class='ocrx_word' id='word_1_337' title='bbox 476 2217 624 2258; x_wconf 88' lang='lat' dir='ltr'>dentini</span> <span class='ocrx_word' id='word_1_338' title='bbox 638 2246 650 2263; x_wconf 92' lang='lat'>,</span> <span class='ocrx_word' id='word_1_339' title='bbox 680 2219 743 2257; x_wconf 90' lang='lat' dir='ltr'>sub</span> <span class='ocrx_word' id='word_1_340' title='bbox 760 2219 884 2268; x_wconf 83' lang='lat' dir='ltr'>poenis</span> <span class='ocrx_word' id='word_1_341' title='bbox 898 2218 1043 2257; x_wconf 86' lang='lat' dir='ltr'>ibidem</span> <span class='ocrx_word' id='word_1_342' title='bbox 1058 2218 1253 2257; x_wconf 84' lang='lat' dir='ltr'>contentis</span> <span class='ocrx_word' id='word_1_343' title='bbox 1269 2245 1282 2264; x_wconf 95' lang='lat'>‚</span> <span class='ocrx_word' id='word_1_344' title='bbox 1312 2230 1404 2268; x_wconf 91' lang='lat' dir='ltr'>quas</span> <span class='ocrx_word' id='word_1_345' title='bbox 1418 2218 1584 2268; x_wconf 83' lang='lat' dir='ltr'>praesenti</span> <span class='ocrx_word' id='word_1_346' title='bbox 1600 2217 1739 2255; x_wconf 80' lang='lat' dir='ltr'>Nostra</span> 
     </span>
     <span class='ocr_line' id='line_1_40' title="bbox 423 2268 1743 2316; baseline -0.003 -6"><span class='ocrx_word' id='word_1_347' title='bbox 423 2296 452 2316; x_wconf 87' lang='lat'>‚‚</span> <span class='ocrx_word' id='word_1_348' title='bbox 482 2270 770 2310; x_wconf 89' lang='lat' dir='ltr'>Constitutione</span> <span class='ocrx_word' id='word_1_349' title='bbox 785 2270 1017 2309; x_wconf 86' lang='lat' dir='ltr'>innovamus</span> <span class='ocrx_word' id='word_1_350' title='bbox 1032 2298 1043 2316; x_wconf 96' lang='lat'>‚</span> <span class='ocrx_word' id='word_1_351' title='bbox 1067 2271 1105 2310; x_wconf 64' lang='grc' dir='ltr'>ὃ(</span> <span class='ocrx_word' id='word_1_352' title='bbox 1119 2269 1396 2308; x_wconf 82' lang='lat' dir='ltr'>confirmamus</span> <span class='ocrx_word' id='word_1_353' title='bbox 1409 2285 1423 2311; x_wconf 67' lang='lat'>‚⁴</span> <span class='ocrx_word' id='word_1_354' title='bbox 1448 2271 1521 2307; x_wconf 90' lang='lat' dir='ltr'>hoc</span> <span class='ocrx_word' id='word_1_355' title='bbox 1534 2268 1650 2306; x_wconf 89' lang='lat' dir='ltr'>etiam</span> <span class='ocrx_word' id='word_1_356' title='bbox 1672 2268 1743 2306; x_wconf 93' lang='lat' dir='ltr'>ad-</span> 
     </span>
     <span class='ocr_line' id='line_1_41' title="bbox 421 2319 1742 2368; baseline -0.001 -10"><span class='ocrx_word' id='word_1_357' title='bbox 421 2347 449 2366; x_wconf 90' lang='lat'><strong>„</strong></span> <span class='ocrx_word' id='word_1_358' title='bbox 477 2321 560 2359; x_wconf 89' lang='lat' dir='ltr'>dito</span> <span class='ocrx_word' id='word_1_359' title='bbox 575 2350 585 2368; x_wconf 92' lang='lat'>‚</span> <span class='ocrx_word' id='word_1_360' title='bbox 603 2331 642 2360; x_wconf 90' lang='lat' dir='ltr'>ut</span> <span class='ocrx_word' id='word_1_361' title='bbox 663 2321 941 2367; x_wconf 88' lang='lat' dir='ltr'>iidemJudices</span> <span class='ocrx_word' id='word_1_362' title='bbox 956 2321 1257 2362; x_wconf 83' lang='lat' dir='ltr'>Conservatores</span> <span class='ocrx_word' id='word_1_363' title='bbox 1274 2349 1286 2366; x_wconf 86' lang='lat'>‚</span> <span class='ocrx_word' id='word_1_364' title='bbox 1306 2321 1344 2359; x_wconf 63' lang='grc' dir='ltr'><strong>δί</strong></span> <span class='ocrx_word' id='word_1_365' title='bbox 1359 2320 1638 2359; x_wconf 86' lang='lat' dir='ltr'>mandatorum</span> <span class='ocrx_word' id='word_1_366' title='bbox 1656 2319 1742 2357; x_wconf 89' lang='lat' dir='ltr'>suo-</span> 
     </span>
    </p>
   </div>
   <div class='ocr_carea' id='block_1_3' title="bbox 423 2371 1743 2461">
    <p class='ocr_par' dir='ltr' id='par_1_5' title="bbox 423 2371 1743 2461">
     <span class='ocr_line' id='line_1_42' title="bbox 423 2371 1740 2423; baseline -0.003 -12"><span class='ocrx_word' id='word_1_367' title='bbox 423 2399 450 2419; x_wconf 92' lang='lat'><strong>„</strong></span> <span class='ocrx_word' id='word_1_368' title='bbox 480 2385 569 2413; x_wconf 89' lang='lat' dir='ltr'>rum</span> <span class='ocrx_word' id='word_1_369' title='bbox 587 2374 825 2414; x_wconf 72' lang='lat' dir='ltr'>Executores</span> <span class='ocrx_word' id='word_1_370' title='bbox 838 2400 851 2420; x_wconf 89' lang='lat'>,</span> <span class='ocrx_word' id='word_1_371' title='bbox 865 2374 1044 2413; x_wconf 80' lang='lat' dir='ltr'>exhibere</span> <span class='ocrx_word' id='word_1_372' title='bbox 1056 2374 1222 2414; x_wconf 84' lang='lat' dir='ltr'>debeant</span> <span class='ocrx_word' id='word_1_373' title='bbox 1236 2373 1442 2423; x_wconf 80' lang='lat' dir='ltr'>Episcopis‚</span> <span class='ocrx_word' id='word_1_374' title='bbox 1458 2371 1740 2421; x_wconf 76' lang='lat' dir='ltr'>aliisque&#39;loco-</span> 
     </span>
     <span class='ocr_line' id='line_1_43' title="bbox 1657 2434 1743 2461; baseline 0.012 -1"><span class='ocrx_word' id='word_1_375' title='bbox 1657 2434 1743 2461; x_wconf 91' lang='lat' dir='ltr'>rum</span> 
     </span>
    </p>
   </div>
  </div>
 </body>
</html>
