2043 2958
632 268 694 298 Ao
716 245 999 300 Concrtum
1019 247 1280 298 Romamn
1297 284 1308 296 .
1529 251 1589 296 28
1605 266 1627 309 3

414 320 629 362 Universos
647 321 806 360 demum
821 348 833 367 ,
856 321 895 360 δι
907 319 1076 372 singulos
1089 317 1346 360 Venerabiles
1369 317 1527 360 Fratres
1543 319 1633 358 No·
1693 319 1944 353 Constitutionis

310 373 403 414 stros
419 374 663 414 Patriarchas
683 400 696 421 ,
729 373 917 413 Primates
932 400 945 418 ,
971 371 1296 422 Archiepiscopos
1309 399 1322 418 ,
1347 371 1601 422 &Episcopos
1620 399 1632 417 ,
1659 365 1754 414 ¹1⁰5&
1767 362 1943 413 *obser-van-

309 439 405 476 quos
432 429 541 473 hujus
576 426 723 465 Nostrae
740 424 1039 467 Constitutionis
1061 433 1285 464 executores
1309 423 1540 474 deputamus
1555 450 1569 470 ,
1592 424 1632 462 in
1659 405 1944 480 ᾏζξὶᾞξςᾝζξῖ

309 478 518 518 visceribus
536 478 704 516 Domini
721 477 848 516 Nostri
868 478 955 526 Jelu
973 476 1118 516 Christi
1146 479 1367 522 hortamur,
1391 477 1634 525 &paternas
1665 501 1734 522 rum
1771 471 1842 520 ze’lo
1876 458 1946 527 iiffis

309 533 505 571 charitate
523 530 780 569 admonemus
795 557 806 576 ‚
827 539 869 569 ut
882 529 1016 579 quanti
1037 530 1232 568 momenti
1248 529 1292 567 s1t
1315 530 1390 566 hoc
1403 529 1606 576 negotium
1626 555 1638 575 ,
1667 532 1829 574 proposito
1854 552 1864 567 ,
1888 530 1944 561 de-

313 582 413 621 serio
433 583 657 635 cogitantes
670 610 681 628 ,
694 583 734 622 in
750 582 1041 622 occurrentibus
1057 581 1202 620 casibus
1215 581 1445 632 qualitatem
1461 580 1613 618 testium
1626 607 1639 626 ,
1668 576 1840 608 mandatur
1852 592 1861 603 ·

311 635 352 674 &
370 635 652 685 probationum
678 634 827 686 pondus
843 634 993 673 summo
1010 632 1135 673 fludio
1150 661 1162 679 ,
1188 644 1233 672 ac
1247 631 1452 683 vigilantia
1467 631 1640 671 scruten-

313 695 401 732 tur,
432 700 669 739 omnemque
692 687 867 725 fraudem
887 714 899 732 ‚
926 687 963 727 ὃ(
978 686 1113 725 dolum
1137 685 1271 735 procul
1296 685 1418 724 arceri
1432 683 1608 734 satagant
1624 697 1642 725 5

312 739 403 788 quin
433 737 555 778 etiam
573 739 812 780 Sacerdotali
837 740 992 788 pectore
1008 765 1020 783 ,
1046 738 1362 787 quotiescumque
1384 748 1479 786 opus
1491 736 1611 773 fuerit
1626 762 1640 781 ,

309 790 360 828 iis
393 791 574 831 omnibus
600 792 809 836 obfistant‚
836 791 901 840 qui
927 790 1095 836 ejusdem
1128 789 1317 839 praesentis
1331 785 1641 829 Constitutionis

311 843 592 882 executionem
608 871 621 890 ‚
648 855 693 881 ac
715 841 1004 881 observantiam
1031 842 1402 889 quomodocumque
1428 838 1640 878 temerario

315 894 405 931 ausu
433 893 623 943 impedire
651 894 919 942 praesumerent
934 920 943 929 .
970 892 1012 929 In
1031 893 1187 940 reliquis
1202 893 1319 940 porro
1336 891 1484 929 casibus
1501 891 1639 929 tamin

300 946 388 995 ,hac
401 944 541 984 Nostra
560 972 572 989 ‚
601 945 717 993 quam
733 942 1026 994 inGregoriana
1037 940 1326 982 Constitutione
1348 953 1427 980 non
1442 943 1636 990 exceptis,

313 1008 509 1036 memores
527 997 644 1046 quam
662 997 803 1034 acriter
818 996 963 1045 semper
978 1021 989 1039 ,
1009 996 1048 1033 δε
1062 1006 1136 1044 qua
1154 994 1299 1032 eximia
1311 1020 1322 1037 ,
1341 1006 1386 1032 ac
1398 1003 1548 1042 prorsus
1565 993 1640 1030 fin-

314 1049 440 1099 gulari
471 1048 594 1087 animi
622 1047 852 1086 fortitudine
881 1048 1052 1092 MaJores
1076 1045 1205 1084 Nostri
1245 1057 1314 1095 pro
1344 1044 1640 1084 Ecclesiastica.»

315 1101 498 1140 libertate
528 1128 540 1147 ,
580 1111 625 1139 ac
652 1097 908 1139 immunitate
936 1099 1232 1149 pugnaverint,
1267 1097 1362 1135 nihil
1389 1096 1438 1134 de
1466 1096 1533 1134 illa
1559 1096 1639 1133 im·-

315 1153 440 1191 minui
470 1156 699 1201 permittant
729 1179 741 1197 ,
774 1163 895 1199 neque
921 1151 1034 1189 sacris
1056 1150 1203 1195 juribus
1232 1149 1359 1187 labem
1389 1148 1510 1188 ullam
1535 1148 1638 1186 irro-

313 1205 400 1256 gari
429 1203 658 1255 patiantur,
686 1203 748 1242 sed
783 1214 828 1241 ea
857 1203 938 1253 pari
967 1202 1052 1240 sane
1083 1201 1168 1239 zelo
1192 1227 1205 1246 ,
1242 1209 1360 1249 atque
1389 1197 1641 1239 constantia-1

313 1257 418 1294 tueri
440 1264 574 1295 curent
606 1268 617 1294 ε
660 1256 708 1294 ab
735 1255 842 1292 omni
868 1263 1000 1292 tamen
1028 1255 1196 1292 tumultu
1226 1279 1238 1298 ,
1272 1264 1315 1290 ac
1343 1252 1637 1301 perturbatione

316 1318 525 1352 caventes,
554 1320 602 1345 ne
628 1305 819 1354 Jadtantiae
837 1306 947 1345 causa
968 1306 1121 1355 potius,
1144 1305 1259 1353 quam
1286 1302 1572 1348 miserationis,
1597 1301 1637 1338 δε

314 1357 465 1405 justitiae
503 1359 619 1399 titulo
644 1385 656 1403 ‚
697 1357 959 1397 Ecclesiastica
998 1356 1204 1408 privilegia
1240 1355 1404 1395 asserere
1445 1355 1546 1395 velle
1579 1353 1638 1393 vi·-

319 1411 487 1450 deantur
502 1439 513 1449 .

424 1464 691 1503 Decernentes
705 1460 856 1499 easdem
874 1460 1069 1510 praesentes
1085 1459 1233 1500 Literas
1248 1486 1259 1503 ,
1274 1458 1436 1498 &ineis
1451 1465 1638 1498 contenta
1671 1462 1845 1495 Decretum
1874 1463 1945 1494 irri-

318 1526 568 1565 quaecumque
594 1515 740 1564 semper
760 1513 888 1551 valida
912 1540 923 1558 ,
953 1511 1066 1550 firma
1082 1539 1093 1557 ,
1118 1511 1155 1551 &
1183 1509 1354 1549 efficacia
1379 1511 1535 1550 existere
1552 1539 1564 1556 ‚
1593 1523 1638 1550 ac
1666 1514 1764 1538 ‘²¹¹⁵-

313 1566 396 1604 fore
414 1593 426 1611 ,
450 1566 606 1617 suosque
623 1567 799 1616 integros
814 1593 826 1611 ,
841 1575 955 1615 atque
971 1564 1162 1614 plenarios
1174 1561 1329 1602 effectus
1342 1563 1483 1611 ubique
1499 1563 1638 1609 sortiri,

317 1619 357 1657 &
370 1619 546 1657 obtinere
563 1646 574 1664 ,
605 1630 650 1657 ac
672 1618 718 1656 ab
734 1617 913 1656 omnibus
927 1644 940 1663 ‚
966 1616 1004 1654 δέ
1021 1613 1181 1665 lingulis
1195 1641 1207 1659 ,
1235 1614 1283 1652 ad
1305 1627 1400 1663 quos
1415 1617 1555 1663 tpeetat
1570 1642 1582 1660 ,
1598 1616 1638 1654 ὃς

317 1682 390 1719 pro
415 1679 589 1720 tempore
614 1669 798 1718 spectabit
818 1668 1115 1719 quomodolibet
1139 1667 1180 1705 in
1205 1665 1379 1705 futurum
1394 1693 1405 1711 ‚
1430 1668 1638 1706 inviolabi-

315 1730 401 1768 ter,
431 1722 470 1761 δε
496 1721 718 1761 inconcusse
751 1721 947 1759 observari
966 1735 979 1761 5
1006 1720 1159 1768 sicque,
1187 1716 1226 1755 ὃ(
1252 1731 1330 1758 non
1347 1720 1462 1758 aliter
1483 1719 1523 1757 in
1546 1731 1639 1767 prae-

318 1773 439 1812 missis
458 1788 521 1824 per
535 1773 794 1821 quoscumque
806 1774 827 1822 J
837 1773 964 1809 udices
980 1770 1214 1813 ordinarios,
1231 1770 1269 1807 &
1283 1770 1500 1821 delegatos,
1514 1769 1638 1809 etiam

316 1824 525 1865 Causarum
551 1825 690 1863 Palatii
709 1822 924 1872 Apostolici
940 1822 1155 1863 Auditores
1168 1849 1181 1867 ‚
1208 1832 1252 1859 ac
1274 1822 1311 1860 S.
1329 1822 1373 1860 R.
1391 1821 1431 1860 Ε.
1446 1822 1639 1862 Cartima-

317 1878 374 1915 les
388 1905 399 1923 ‚
429 1878 550 1916 etiam
576 1876 623 1915 de
640 1876 779 1914 Latere
792 1875 958 1926 Legatos
975 1901 987 1920 ,
1012 1874 1050 1914 δι
1066 1874 1297 1923 Apostolicae
1313 1874 1422 1912 Sedis
1438 1874 1611 1912 Nuncios
1623 1899 1637 1918 ,

319 1928 467 1968 aliosve
479 1929 667 1979 quoslibet
685 1925 819 1978 quavis
832 1925 1120 1977 praeeminentia
1135 1954 1146 1971 ‚
1162 1925 1201 1963 ὃ(
1215 1927 1400 1975 potestate
1414 1926 1638 1974 fungentes,

320 1993 365 2019 ac
378 1980 578 2020 fumetur-os
590 2009 602 2027 ,
616 1982 766 2019 sublata
781 1979 834 2018 eis
849 2006 861 2024 ,
881 1981 920 2019 &
934 1991 1068 2018 eorum
1087 1977 1247 2016 cuilibet
1261 1979 1397 2028 quavis
1410 1976 1524 2017 aliter
1536 1977 1639 2023 judi-

321 2031 435 2071 candi
455 2063 463 2078 ‚
476 2030 810 2083 &interpretandi
825 2031 1012 2071 facultate
1025 2058 1036 2077 ,
1053 2042 1096 2068 ac
1113 2033 1351 2069 authoritate
1369 2057 1381 2076 ,
1396 2029 1556 2078 judicari
1572 2055 1583 2073 ,
1597 2029 1637 2067 &

319 2084 474 2126 definiri
500 2085 639 2125 debere
655 2111 667 2128 ‚
695 2096 739 2123 ac
752 2082 905 2124 irritum
921 2112 933 2129 ,
964 2087 1000 2125 ὃς
1016 2084 1144 2125 inane,
1159 2084 1185 2121 s1
1200 2083 1292 2132 quid
1309 2082 1409 2121 secus
1424 2082 1530 2130 super
1544 2079 1602 2119 his
1614 2080 1636 2120 εὶ

319 2149 513 2187 quoquatm
532 2165 546 2184 ‚
561 2137 696 2188 quavis
711 2138 964 2183 authoritate,
980 2136 1143 2174 scienter
1156 2162 1169 2182 ,
1185 2136 1249 2174 vel
1262 2136 1487 2185 ignoranter
1510 2133 1637 2171 conti-

319 2190 423 2244 gerit
443 2191 654 2230 attentari.

427 2241 518 2280 Non
535 2241 774 2282 obstantibus
787 2241 1084 2291 quibuscumque
1098 2238 1353 2280 Cancellariae
1367 2238 1513 2278 Nostrae
1527 2236 1637 2286 Apo-
1664 2246 1847 2281 Contrariis
1887 2248 1943 2282 de·

321 2294 459 2333 stolicae
483 2296 649 2345 regulis,
675 2305 826 2334 necnon
863 2304 1192 2342 quorumcumque
1220 2289 1534 2332 Praedecess'orum
1552 2289 1637 2328 No-
1665 2301 1824 2333 rogatur·

320 2347 485 2386 stroruin
503 2347 640 2387 Literis
659 2347 892 2396 Apostolicis
908 2375 920 2394 ,
947 2343 1169 2394 Privilegiis
1185 2372 1196 2389 ,
1212 2344 1378 2382 indultis
1395 2369 1406 2388 ,
1421 2344 1458 2382 ὅ(
1472 2342 1637 2380 faculta-

322 2398 451 2450 tibus,
467 2400 660 2451 quibusvis
683 2401 880 2451 persono,
902 2400 1022 2439 etiam
1036 2395 1188 2473 speciali
1203 2397 1403 2436 mentione
1416 2393 1568 2446 dignis,
1596 2395 1636 2433 &

1057 2451 1093 2490 ΙΝ
1111 2462 1135 2488 n
1165 2463 1184 2486 2
1539 2456 1636 2494 qua-
